<?xml version="1.0" encoding="UTF-8"?>
<!DOCTYPE html PUBLIC "-//W3C//DTD XHTML 1.0 Transitional//EN"
    "http://www.w3.org/TR/xhtml1/DTD/xhtml1-transitional.dtd">
<html xmlns="http://www.w3.org/1999/xhtml" xml:lang="en" lang="en">
 <head>
  <title>
</title>
<meta http-equiv="Content-Type" content="text/html;charset=utf-8" />
  <meta name='ocr-system' content='tesseract 3.04.00' />
  <meta name='ocr-capabilities' content='ocr_page ocr_carea ocr_par ocr_line ocrx_word'/>
</head>
<body>
  <div class='ocr_page' id='page_1' title='image "./comentumsuperdan04benvuoft_0124.png"; bbox 0 0 1766 2856; ppageno 0'>
   <div class='ocr_carea' id='block_1_1' title="bbox 511 233 1317 264">
    <p class='ocr_par' dir='ltr' id='par_1_1' title="bbox 511 233 1317 264">
     <span class='ocr_line' id='line_1_1' title="bbox 511 233 1317 264; baseline -0.004 0"><span class='ocrx_word' id='word_1_1' title='bbox 511 233 526 264; x_wconf 95' lang='lat'>1</span> <span class='ocrx_word' id='word_1_2' title='bbox 536 233 579 264; x_wconf 78' lang='lat'>12</span> <span class='ocrx_word' id='word_1_3' title='bbox 871 237 1073 263; x_wconf 74' lang='lat' dir='ltr'>COMENTUM</span> <span class='ocrx_word' id='word_1_4' title='bbox 1099 237 1317 263; x_wconf 72' lang='lat' dir='ltr'>PURGATORn</span> 
     </span>
    </p>
   </div>
   <div class='ocr_carea' id='block_1_2' title="bbox 502 309 1684 2214">
    <p class='ocr_par' dir='ltr' id='par_1_2' title="bbox 502 309 1684 2214">
     <span class='ocr_line' id='line_1_2' title="bbox 508 309 1681 356; baseline 0.001 -11"><span class='ocrx_word' id='word_1_5' title='bbox 508 314 701 346; x_wconf 89' lang='lat' dir='ltr'>torturam.</span> <span class='ocrx_word' id='word_1_6' title='bbox 730 310 814 346; x_wconf 89' lang='lat' dir='ltr'>Ideo</span> <span class='ocrx_word' id='word_1_7' title='bbox 841 309 943 345; x_wconf 90' lang='lat' dir='ltr'>dicit:</span> <span class='ocrx_word' id='word_1_8' title='bbox 972 321 989 344; x_wconf 78' lang='lat' dir='ltr'>e</span> <span class='ocrx_word' id='word_1_9' title='bbox 1016 311 1098 345; x_wconf 73' lang='lat' dir='ltr'>volti</span> <span class='ocrx_word' id='word_1_10' title='bbox 1122 311 1195 345; x_wconf 77' lang='lat' dir='ltr'>alla</span> <span class='ocrx_word' id='word_1_11' title='bbox 1224 320 1306 344; x_wconf 78' lang='lat' dir='ltr'>man</span> <span class='ocrx_word' id='word_1_12' title='bbox 1337 311 1469 354; x_wconf 75' lang='lat' dir='ltr'>clestra,</span> <span class='ocrx_word' id='word_1_13' title='bbox 1497 311 1541 346; x_wconf 88' lang='lat' dir='ltr'>ad</span> <span class='ocrx_word' id='word_1_14' title='bbox 1569 321 1681 356; x_wconf 86' lang='lat' dir='ltr'>quam</span> 
     </span>
     <span class='ocr_line' id='line_1_3' title="bbox 506 369 1682 416; baseline 0.001 -11"><span class='ocrx_word' id='word_1_15' title='bbox 506 380 650 416; x_wconf 78' lang='lat' dir='ltr'>semper</span> <span class='ocrx_word' id='word_1_16' title='bbox 677 371 749 405; x_wconf 83' lang='lat' dir='ltr'>itur</span> <span class='ocrx_word' id='word_1_17' title='bbox 777 379 841 415; x_wconf 89' lang='lat' dir='ltr'>per</span> <span class='ocrx_word' id='word_1_18' title='bbox 868 369 1137 416; x_wconf 81' lang='lat' dir='ltr'>purgatorium,</span> <span class='ocrx_word' id='word_1_19' title='bbox 1164 373 1196 404; x_wconf 82' lang='lat' dir='ltr'>et</span> <span class='ocrx_word' id='word_1_20' title='bbox 1219 380 1389 404; x_wconf 69' lang='lat' dir='ltr'>eravamo</span> <span class='ocrx_word' id='word_1_21' title='bbox 1418 372 1536 405; x_wconf 65' lang='lat' dir='ltr'>attenti</span> <span class='ocrx_word' id='word_1_22' title='bbox 1554 372 1602 405; x_wconf 82' lang='lat' dir='ltr'>ad</span> <span class='ocrx_word' id='word_1_23' title='bbox 1628 372 1682 406; x_wconf 83' lang='lat' dir='ltr'>al-</span> 
     </span>
     <span class='ocr_line' id='line_1_4' title="bbox 506 429 1683 476; baseline 0.002 -12"><span class='ocrx_word' id='word_1_24' title='bbox 506 434 563 464; x_wconf 78' lang='lat' dir='ltr'>tra</span> <span class='ocrx_word' id='word_1_25' title='bbox 589 441 688 474; x_wconf 76' lang='lat' dir='ltr'>cura,</span> <span class='ocrx_word' id='word_1_26' title='bbox 716 429 862 475; x_wconf 84' lang='lat' dir='ltr'>scilicet,</span> <span class='ocrx_word' id='word_1_27' title='bbox 890 430 935 465; x_wconf 91' lang='lat' dir='ltr'>ad</span> <span class='ocrx_word' id='word_1_28' title='bbox 962 429 1219 476; x_wconf 77' lang='lat' dir='ltr'>purgationem</span> <span class='ocrx_word' id='word_1_29' title='bbox 1252 429 1416 465; x_wconf 85' lang='lat' dir='ltr'>libidinis.</span> <span class='ocrx_word' id='word_1_30' title='bbox 1450 430 1492 465; x_wconf 90' lang='lat' dir='ltr'>Et</span> <span class='ocrx_word' id='word_1_31' title='bbox 1525 431 1574 465; x_wconf 86' lang='lat' dir='ltr'>sic</span> <span class='ocrx_word' id='word_1_32' title='bbox 1601 430 1683 466; x_wconf 88' lang='lat' dir='ltr'>vide</span> 
     </span>
     <span class='ocr_line' id='line_1_5' title="bbox 507 490 1682 537; baseline 0 -12"><span class='ocrx_word' id='word_1_33' title='bbox 507 490 605 535; x_wconf 82' lang='lat' dir='ltr'>quod</span> <span class='ocrx_word' id='word_1_34' title='bbox 631 494 739 536; x_wconf 90' lang='lat' dir='ltr'>poeta</span> <span class='ocrx_word' id='word_1_35' title='bbox 765 494 887 526; x_wconf 76' lang='lat' dir='ltr'>servat</span> <span class='ocrx_word' id='word_1_36' title='bbox 918 490 1098 536; x_wconf 89' lang='lat' dir='ltr'>optimum</span> <span class='ocrx_word' id='word_1_37' title='bbox 1126 490 1317 535; x_wconf 73' lang='lat' dir='ltr'>ordinem3</span> <span class='ocrx_word' id='word_1_38' title='bbox 1351 500 1437 526; x_wconf 90' lang='lat' dir='ltr'>nam</span> <span class='ocrx_word' id='word_1_39' title='bbox 1469 491 1555 537; x_wconf 83' lang='lat' dir='ltr'>gula</span> <span class='ocrx_word' id='word_1_40' title='bbox 1589 490 1682 536; x_wconf 88' lang='lat' dir='ltr'>parit</span> 
     </span>
     <span class='ocr_line' id='line_1_6' title="bbox 506 550 1684 596; baseline 0.001 -11"><span class='ocrx_word' id='word_1_41' title='bbox 506 550 693 586; x_wconf 82' lang='lat' dir='ltr'><strong>luxuriam</strong></span> <span class='ocrx_word' id='word_1_42' title='bbox 720 554 910 596; x_wconf 80' lang='lat' dir='ltr'>tamquam</span> <span class='ocrx_word' id='word_1_43' title='bbox 938 550 1009 585; x_wconf 86' lang='lat' dir='ltr'>filia</span> <span class='ocrx_word' id='word_1_44' title='bbox 1036 554 1195 586; x_wconf 89' lang='lat' dir='ltr'>matrem</span> <span class='ocrx_word' id='word_1_45' title='bbox 1224 550 1408 586; x_wconf 80' lang='lat' dir='ltr'>foventem</span> <span class='ocrx_word' id='word_1_46' title='bbox 1435 560 1485 596; x_wconf 83' lang='lat' dir='ltr'>se,</span> <span class='ocrx_word' id='word_1_47' title='bbox 1508 554 1543 586; x_wconf 92' lang='lat' dir='ltr'>et</span> <span class='ocrx_word' id='word_1_48' title='bbox 1567 550 1684 586; x_wconf 89' lang='lat' dir='ltr'>conti-</span> 
     </span>
     <span class='ocr_line' id='line_1_7' title="bbox 508 610 1683 657; baseline 0 -12"><span class='ocrx_word' id='word_1_49' title='bbox 508 620 582 645; x_wconf 90' lang='lat' dir='ltr'>nuo</span> <span class='ocrx_word' id='word_1_50' title='bbox 609 621 695 645; x_wconf 89' lang='lat' dir='ltr'>cum</span> <span class='ocrx_word' id='word_1_51' title='bbox 722 610 842 646; x_wconf 85' lang='lat' dir='ltr'>deficit</span> <span class='ocrx_word' id='word_1_52' title='bbox 869 610 1106 645; x_wconf 69' lang='lat' dir='ltr'>refoventem.</span> <span class='ocrx_word' id='word_1_53' title='bbox 1135 610 1219 645; x_wconf 91' lang='lat' dir='ltr'>Ideo</span> <span class='ocrx_word' id='word_1_54' title='bbox 1246 610 1340 645; x_wconf 89' lang='lat' dir='ltr'>hene</span> <span class='ocrx_word' id='word_1_55' title='bbox 1366 614 1446 656; x_wconf 85' lang='lat' dir='ltr'>post</span> <span class='ocrx_word' id='word_1_56' title='bbox 1472 611 1598 657; x_wconf 82' lang='lat' dir='ltr'>gulam</span> <span class='ocrx_word' id='word_1_57' title='bbox 1625 620 1683 646; x_wconf 85' lang='lat' dir='ltr'>se-</span> 
     </span>
     <span class='ocr_line' id='line_1_8' title="bbox 508 669 1683 715; baseline 0.001 -11"><span class='ocrx_word' id='word_1_58' title='bbox 508 670 633 715; x_wconf 88' lang='lat' dir='ltr'>quitur</span> <span class='ocrx_word' id='word_1_59' title='bbox 660 670 819 715; x_wconf 78' lang='lat' dir='ltr'>luxuria,</span> <span class='ocrx_word' id='word_1_60' title='bbox 849 673 885 705; x_wconf 89' lang='lat' dir='ltr'>et</span> <span class='ocrx_word' id='word_1_61' title='bbox 912 670 948 704; x_wconf 90' lang='lat' dir='ltr'>in</span> <span class='ocrx_word' id='word_1_62' title='bbox 975 673 1135 714; x_wconf 83' lang='lat' dir='ltr'>utraque</span> <span class='ocrx_word' id='word_1_63' title='bbox 1163 673 1216 704; x_wconf 87' lang='lat' dir='ltr'>est</span> <span class='ocrx_word' id='word_1_64' title='bbox 1244 669 1365 705; x_wconf 75' lang='lat' dir='ltr'>brevis</span> <span class='ocrx_word' id='word_1_65' title='bbox 1393 670 1593 715; x_wconf 81' lang='lat' dir='ltr'>delectatio,</span> <span class='ocrx_word' id='word_1_66' title='bbox 1621 670 1683 706; x_wconf 86' lang='lat' dir='ltr'>sed</span> 
     </span>
     <span class='ocr_line' id='line_1_9' title="bbox 506 729 1681 776; baseline 0 -12"><span class='ocrx_word' id='word_1_67' title='bbox 506 729 614 776; x_wconf 85' lang='lat' dir='ltr'>longa</span> <span class='ocrx_word' id='word_1_68' title='bbox 642 729 777 775; x_wconf 67' lang='lat' dir='ltr'>passiog</span> <span class='ocrx_word' id='word_1_69' title='bbox 806 733 841 765; x_wconf 89' lang='lat' dir='ltr'>et</span> <span class='ocrx_word' id='word_1_70' title='bbox 868 739 952 764; x_wconf 89' lang='lat' dir='ltr'>cum</span> <span class='ocrx_word' id='word_1_71' title='bbox 981 729 1050 764; x_wconf 90' lang='lat' dir='ltr'>sint</span> <span class='ocrx_word' id='word_1_72' title='bbox 1076 729 1200 764; x_wconf 89' lang='lat' dir='ltr'>omnia</span> <span class='ocrx_word' id='word_1_73' title='bbox 1221 729 1305 765; x_wconf 69' lang='lat' dir='ltr'>vitia</span> <span class='ocrx_word' id='word_1_74' title='bbox 1337 730 1519 776; x_wconf 69' lang='lat' dir='ltr'>graviora,</span> <span class='ocrx_word' id='word_1_75' title='bbox 1539 730 1681 765; x_wconf 91' lang='lat' dir='ltr'>nullum</span> 
     </span>
     <span class='ocr_line' id='line_1_10' title="bbox 508 789 1681 836; baseline -0.001 -11"><span class='ocrx_word' id='word_1_76' title='bbox 508 793 561 825; x_wconf 87' lang='lat' dir='ltr'>est</span> <span class='ocrx_word' id='word_1_77' title='bbox 589 790 693 825; x_wconf 74' lang='lat' dir='ltr'>vilius</span> <span class='ocrx_word' id='word_1_78' title='bbox 719 789 806 835; x_wconf 82' lang='lat' dir='ltr'>gula</span> <span class='ocrx_word' id='word_1_79' title='bbox 833 793 869 824; x_wconf 86' lang='lat' dir='ltr'>et</span> <span class='ocrx_word' id='word_1_80' title='bbox 895 789 1053 824; x_wconf 80' lang='lat' dir='ltr'>luxuria.</span> <span class='ocrx_word' id='word_1_81' title='bbox 1070 809 1118 814; x_wconf 89' lang='lat'>—</span> <span class='ocrx_word' id='word_1_82' title='bbox 1136 790 1245 831; x_wconf 71' lang='lat' dir='ltr'>Onici.</span> <span class='ocrx_word' id='word_1_83' title='bbox 1280 789 1343 825; x_wconf 91' lang='lat' dir='ltr'>Hic</span> <span class='ocrx_word' id='word_1_84' title='bbox 1374 794 1481 836; x_wconf 84' lang='lat' dir='ltr'>poeta</span> <span class='ocrx_word' id='word_1_85' title='bbox 1511 789 1681 826; x_wconf 79' lang='lat' dir='ltr'>describit</span> 
     </span>
     <span class='ocr_line' id='line_1_11' title="bbox 507 849 1682 896; baseline 0 -11"><span class='ocrx_word' id='word_1_86' title='bbox 507 860 654 896; x_wconf 77' lang='lat' dir='ltr'>poenam</span> <span class='ocrx_word' id='word_1_87' title='bbox 682 849 932 895; x_wconf 78' lang='lat' dir='ltr'>purgatoriam</span> <span class='ocrx_word' id='word_1_88' title='bbox 953 849 1231 884; x_wconf 82' lang='lat' dir='ltr'>luxuriosorum</span> <span class='ocrx_word' id='word_1_89' title='bbox 1251 849 1286 884; x_wconf 90' lang='lat' dir='ltr'>in</span> <span class='ocrx_word' id='word_1_90' title='bbox 1308 850 1481 896; x_wconf 78' lang='lat' dir='ltr'>generali.</span> <span class='ocrx_word' id='word_1_91' title='bbox 1503 850 1544 885; x_wconf 91' lang='lat' dir='ltr'>Et</span> <span class='ocrx_word' id='word_1_92' title='bbox 1562 850 1608 886; x_wconf 89' lang='lat' dir='ltr'>ad</span> <span class='ocrx_word' id='word_1_93' title='bbox 1627 850 1682 885; x_wconf 88' lang='lat' dir='ltr'>in-</span> 
     </span>
     <span class='ocr_line' id='line_1_12' title="bbox 511 909 1680 957; baseline 0.001 -13"><span class='ocrx_word' id='word_1_94' title='bbox 511 909 739 955; x_wconf 83' lang='lat' dir='ltr'>telligendam</span> <span class='ocrx_word' id='word_1_95' title='bbox 761 909 858 945; x_wconf 90' lang='lat' dir='ltr'>clare</span> <span class='ocrx_word' id='word_1_96' title='bbox 881 909 1037 945; x_wconf 86' lang='lat' dir='ltr'>formam</span> <span class='ocrx_word' id='word_1_97' title='bbox 1066 909 1167 945; x_wconf 85' lang='lat' dir='ltr'>istius</span> <span class='ocrx_word' id='word_1_98' title='bbox 1193 920 1312 956; x_wconf 84' lang='lat' dir='ltr'>poenae</span> <span class='ocrx_word' id='word_1_99' title='bbox 1340 910 1450 946; x_wconf 89' lang='lat' dir='ltr'>debes</span> <span class='ocrx_word' id='word_1_100' title='bbox 1478 910 1680 957; x_wconf 76' lang='lat' dir='ltr'>imaginari,</span> 
     </span>
     <span class='ocr_line' id='line_1_13' title="bbox 509 969 1681 1016; baseline 0 -11"><span class='ocrx_word' id='word_1_101' title='bbox 509 969 605 1015; x_wconf 86' lang='lat' dir='ltr'>quod</span> <span class='ocrx_word' id='word_1_102' title='bbox 633 973 739 1015; x_wconf 86' lang='lat' dir='ltr'>poeta</span> <span class='ocrx_word' id='word_1_103' title='bbox 766 969 867 1016; x_wconf 83' lang='lat' dir='ltr'>fingit</span> <span class='ocrx_word' id='word_1_104' title='bbox 894 969 992 1015; x_wconf 88' lang='lat' dir='ltr'>quod</span> <span class='ocrx_word' id='word_1_105' title='bbox 1019 969 1196 1005; x_wconf 80' lang='lat' dir='ltr'>luxuriosi</span> <span class='ocrx_word' id='word_1_106' title='bbox 1220 970 1423 1016; x_wconf 84' lang='lat' dir='ltr'>puniuntur</span> <span class='ocrx_word' id='word_1_107' title='bbox 1450 970 1486 1005; x_wconf 92' lang='lat' dir='ltr'>in</span> <span class='ocrx_word' id='word_1_108' title='bbox 1513 971 1571 1006; x_wconf 75' lang='lat' dir='ltr'>via</span> <span class='ocrx_word' id='word_1_109' title='bbox 1598 980 1681 1016; x_wconf 85' lang='lat' dir='ltr'>quae</span> 
     </span>
     <span class='ocr_line' id='line_1_14' title="bbox 507 1029 1678 1074; baseline 0.001 -10"><span class='ocrx_word' id='word_1_110' title='bbox 507 1029 710 1065; x_wconf 90' lang='lat' dir='ltr'>circumdat</span> <span class='ocrx_word' id='word_1_111' title='bbox 749 1032 930 1073; x_wconf 77' lang='lat' dir='ltr'>montem,</span> <span class='ocrx_word' id='word_1_112' title='bbox 972 1040 1082 1074; x_wconf 89' lang='lat' dir='ltr'>quam</span> <span class='ocrx_word' id='word_1_113' title='bbox 1130 1029 1260 1065; x_wconf 88' lang='lat' dir='ltr'>totiens</span> <span class='ocrx_word' id='word_1_114' title='bbox 1300 1030 1443 1066; x_wconf 66' lang='lat' dir='ltr'>vocavit</span> <span class='ocrx_word' id='word_1_115' title='bbox 1482 1030 1678 1066; x_wconf 88' lang='lat' dir='ltr'>cornicem.</span> 
     </span>
     <span class='ocr_line' id='line_1_15' title="bbox 507 1085 1680 1135; baseline 0.001 -12"><span class='ocrx_word' id='word_1_116' title='bbox 507 1088 605 1124; x_wconf 84' lang='lat' dir='ltr'>Sicut</span> <span class='ocrx_word' id='word_1_117' title='bbox 623 1085 658 1132; x_wconf 69' lang='lat'>(¹)</span> <span class='ocrx_word' id='word_1_118' title='bbox 686 1089 783 1124; x_wconf 90' lang='lat' dir='ltr'>enim</span> <span class='ocrx_word' id='word_1_119' title='bbox 811 1092 909 1134; x_wconf 88' lang='lat' dir='ltr'>patet</span> <span class='ocrx_word' id='word_1_120' title='bbox 936 1099 981 1124; x_wconf 78' lang='lat' dir='ltr'>ex</span> <span class='ocrx_word' id='word_1_121' title='bbox 1008 1099 1104 1135; x_wconf 81' lang='lat' dir='ltr'>saepe</span> <span class='ocrx_word' id='word_1_122' title='bbox 1122 1089 1224 1124; x_wconf 85' lang='lat' dir='ltr'>dictis</span> <span class='ocrx_word' id='word_1_123' title='bbox 1246 1089 1304 1125; x_wconf 68' lang='lat' dir='ltr'>via</span> <span class='ocrx_word' id='word_1_124' title='bbox 1324 1090 1391 1125; x_wconf 78' lang='lat' dir='ltr'>ista</span> <span class='ocrx_word' id='word_1_125' title='bbox 1414 1090 1524 1126; x_wconf 87' lang='lat' dir='ltr'>habet</span> <span class='ocrx_word' id='word_1_126' title='bbox 1541 1090 1587 1125; x_wconf 91' lang='lat' dir='ltr'>ab</span> <span class='ocrx_word' id='word_1_127' title='bbox 1607 1099 1680 1124; x_wconf 87' lang='lat' dir='ltr'>una</span> 
     </span>
     <span class='ocr_line' id='line_1_16' title="bbox 508 1148 1680 1195; baseline 0 -11"><span class='ocrx_word' id='word_1_128' title='bbox 508 1152 611 1195; x_wconf 88' lang='lat' dir='ltr'>parte</span> <span class='ocrx_word' id='word_1_129' title='bbox 648 1148 764 1194; x_wconf 87' lang='lat' dir='ltr'>ripam</span> <span class='ocrx_word' id='word_1_130' title='bbox 791 1148 1025 1193; x_wconf 78' lang='lat' dir='ltr'>exteriorem,</span> <span class='ocrx_word' id='word_1_131' title='bbox 1055 1148 1151 1184; x_wconf 89' lang='lat' dir='ltr'>unde</span> <span class='ocrx_word' id='word_1_132' title='bbox 1183 1149 1293 1185; x_wconf 89' lang='lat' dir='ltr'>homo</span> <span class='ocrx_word' id='word_1_133' title='bbox 1325 1153 1442 1195; x_wconf 81' lang='lat' dir='ltr'>potest</span> <span class='ocrx_word' id='word_1_134' title='bbox 1476 1159 1606 1194; x_wconf 77' lang='lat' dir='ltr'>ruere3</span> <span class='ocrx_word' id='word_1_135' title='bbox 1634 1159 1680 1184; x_wconf 83' lang='lat' dir='ltr'>ex</span> 
     </span>
     <span class='ocr_line' id='line_1_17' title="bbox 506 1209 1678 1255; baseline -0.001 -11"><span class='ocrx_word' id='word_1_136' title='bbox 506 1209 575 1245; x_wconf 92' lang='lat' dir='ltr'>alia</span> <span class='ocrx_word' id='word_1_137' title='bbox 602 1212 705 1255; x_wconf 89' lang='lat' dir='ltr'>parte</span> <span class='ocrx_word' id='word_1_138' title='bbox 732 1209 841 1244; x_wconf 87' lang='lat' dir='ltr'>habet</span> <span class='ocrx_word' id='word_1_139' title='bbox 869 1212 1031 1244; x_wconf 88' lang='lat' dir='ltr'>montem</span> <span class='ocrx_word' id='word_1_140' title='bbox 1060 1209 1135 1245; x_wconf 82' lang='lat' dir='ltr'>sive</span> <span class='ocrx_word' id='word_1_141' title='bbox 1158 1209 1274 1254; x_wconf 86' lang='lat' dir='ltr'>ripam</span> <span class='ocrx_word' id='word_1_142' title='bbox 1294 1209 1506 1245; x_wconf 86' lang='lat' dir='ltr'>interiorem</span> <span class='ocrx_word' id='word_1_143' title='bbox 1525 1209 1678 1244; x_wconf 89' lang='lat' dir='ltr'>montis:</span> 
     </span>
     <span class='ocr_line' id='line_1_18' title="bbox 507 1269 1679 1316; baseline -0.002 -11"><span class='ocrx_word' id='word_1_144' title='bbox 507 1270 615 1306; x_wconf 85' lang='lat' dir='ltr'>modo</span> <span class='ocrx_word' id='word_1_145' title='bbox 641 1281 662 1305; x_wconf 93' lang='lat' dir='ltr'>a</span> <span class='ocrx_word' id='word_1_146' title='bbox 689 1270 804 1305; x_wconf 86' lang='lat' dir='ltr'>latere</span> <span class='ocrx_word' id='word_1_147' title='bbox 835 1270 967 1305; x_wconf 89' lang='lat' dir='ltr'>montis</span> <span class='ocrx_word' id='word_1_148' title='bbox 994 1270 1105 1315; x_wconf 86' lang='lat' dir='ltr'>spirat</span> <span class='ocrx_word' id='word_1_149' title='bbox 1137 1270 1286 1305; x_wconf 88' lang='lat' dir='ltr'>flamma</span> <span class='ocrx_word' id='word_1_150' title='bbox 1319 1269 1410 1316; x_wconf 83' lang='lat' dir='ltr'>ignis</span> <span class='ocrx_word' id='word_1_151' title='bbox 1439 1269 1611 1314; x_wconf 85' lang='lat' dir='ltr'>ardentis,</span> <span class='ocrx_word' id='word_1_152' title='bbox 1643 1272 1679 1304; x_wconf 91' lang='lat' dir='ltr'>et</span> 
     </span>
     <span class='ocr_line' id='line_1_19' title="bbox 506 1329 1679 1375; baseline -0.001 -10"><span class='ocrx_word' id='word_1_153' title='bbox 506 1333 636 1366; x_wconf 72' lang='lat' dir='ltr'>ventus</span> <span class='ocrx_word' id='word_1_154' title='bbox 663 1329 811 1375; x_wconf 86' lang='lat' dir='ltr'>quidam</span> <span class='ocrx_word' id='word_1_155' title='bbox 844 1329 879 1364; x_wconf 90' lang='lat' dir='ltr'>in</span> <span class='ocrx_word' id='word_1_156' title='bbox 913 1329 1118 1375; x_wconf 88' lang='lat' dir='ltr'>oppositum</span> <span class='ocrx_word' id='word_1_157' title='bbox 1152 1330 1303 1366; x_wconf 77' lang='lat' dir='ltr'>reflectit</span> <span class='ocrx_word' id='word_1_158' title='bbox 1336 1330 1523 1365; x_wconf 89' lang='lat' dir='ltr'>flammam</span> <span class='ocrx_word' id='word_1_159' title='bbox 1551 1332 1679 1365; x_wconf 83' lang='lat' dir='ltr'>contra</span> 
     </span>
     <span class='ocr_line' id='line_1_20' title="bbox 505 1388 1679 1435; baseline -0.002 -10"><span class='ocrx_word' id='word_1_160' title='bbox 505 1394 679 1435; x_wconf 77' lang='lat' dir='ltr'>montem,</span> <span class='ocrx_word' id='word_1_161' title='bbox 703 1390 750 1426; x_wconf 87' lang='lat' dir='ltr'>ita</span> <span class='ocrx_word' id='word_1_162' title='bbox 778 1390 875 1435; x_wconf 87' lang='lat' dir='ltr'>quod</span> <span class='ocrx_word' id='word_1_163' title='bbox 902 1390 999 1425; x_wconf 81' lang='lat' dir='ltr'>viam</span> <span class='ocrx_word' id='word_1_164' title='bbox 1033 1390 1116 1425; x_wconf 84' lang='lat' dir='ltr'>facit</span> <span class='ocrx_word' id='word_1_165' title='bbox 1147 1390 1303 1425; x_wconf 82' lang='lat' dir='ltr'>transire</span> <span class='ocrx_word' id='word_1_166' title='bbox 1338 1390 1554 1434; x_wconf 65' lang='lat' dir='ltr'>volentibus,</span> <span class='ocrx_word' id='word_1_167' title='bbox 1582 1388 1679 1424; x_wconf 88' lang='lat' dir='ltr'>unde</span> 
     </span>
     <span class='ocr_line' id='line_1_21' title="bbox 504 1449 1677 1496; baseline -0.001 -11"><span class='ocrx_word' id='word_1_168' title='bbox 504 1450 561 1486; x_wconf 66' lang='lat' dir='ltr'>via</span> <span class='ocrx_word' id='word_1_169' title='bbox 589 1460 701 1495; x_wconf 73' lang='lat' dir='ltr'>parva</span> <span class='ocrx_word' id='word_1_170' title='bbox 728 1454 764 1485; x_wconf 92' lang='lat' dir='ltr'>et</span> <span class='ocrx_word' id='word_1_171' title='bbox 790 1453 891 1485; x_wconf 86' lang='lat' dir='ltr'>arcta</span> <span class='ocrx_word' id='word_1_172' title='bbox 919 1456 1085 1486; x_wconf 85' lang='lat' dir='ltr'>remanet</span> <span class='ocrx_word' id='word_1_173' title='bbox 1104 1460 1149 1485; x_wconf 78' lang='lat' dir='ltr'>ex</span> <span class='ocrx_word' id='word_1_174' title='bbox 1170 1450 1284 1485; x_wconf 83' lang='lat' dir='ltr'>latere</span> <span class='ocrx_word' id='word_1_175' title='bbox 1302 1455 1440 1496; x_wconf 88' lang='lat' dir='ltr'>aperto.</span> <span class='ocrx_word' id='word_1_176' title='bbox 1462 1449 1515 1484; x_wconf 85' lang='lat' dir='ltr'>Ad</span> <span class='ocrx_word' id='word_1_177' title='bbox 1534 1449 1677 1485; x_wconf 89' lang='lat' dir='ltr'>literam</span> 
     </span>
     <span class='ocr_line' id='line_1_22' title="bbox 504 1509 1675 1556; baseline -0.003 -10"><span class='ocrx_word' id='word_1_178' title='bbox 504 1520 593 1556; x_wconf 82' lang='lat' dir='ltr'>ergo</span> <span class='ocrx_word' id='word_1_179' title='bbox 617 1509 699 1545; x_wconf 91' lang='lat' dir='ltr'>dicit</span> <span class='ocrx_word' id='word_1_180' title='bbox 727 1513 853 1555; x_wconf 88' lang='lat' dir='ltr'>poeta:</span> <span class='ocrx_word' id='word_1_181' title='bbox 885 1511 996 1552; x_wconf 67' lang='lat' dir='ltr'>Quini,</span> <span class='ocrx_word' id='word_1_182' title='bbox 1020 1509 1164 1553; x_wconf 79' lang='lat' dir='ltr'>scilicet,</span> <span class='ocrx_word' id='word_1_183' title='bbox 1188 1509 1224 1544; x_wconf 91' lang='lat' dir='ltr'>in</span> <span class='ocrx_word' id='word_1_184' title='bbox 1251 1509 1319 1545; x_wconf 86' lang='lat' dir='ltr'>isto</span> <span class='ocrx_word' id='word_1_185' title='bbox 1346 1510 1482 1545; x_wconf 89' lang='lat' dir='ltr'>circulo</span> <span class='ocrx_word' id='word_1_186' title='bbox 1510 1509 1675 1555; x_wconf 84' lang='lat' dir='ltr'>septimo,</span> 
     </span>
     <span class='ocr_line' id='line_1_23' title="bbox 504 1568 1679 1614; baseline -0.002 -10"><span class='ocrx_word' id='word_1_187' title='bbox 504 1571 541 1604; x_wconf 84' lang='lat' dir='ltr'>la</span> <span class='ocrx_word' id='word_1_188' title='bbox 566 1571 660 1613; x_wconf 75' lang='lat' dir='ltr'>ripa,</span> <span class='ocrx_word' id='word_1_189' title='bbox 687 1568 832 1613; x_wconf 77' lang='lat' dir='ltr'>scilicet,</span> <span class='ocrx_word' id='word_1_190' title='bbox 862 1568 1023 1613; x_wconf 81' lang='lat' dir='ltr'>interior,</span> <span class='ocrx_word' id='word_1_191' title='bbox 1050 1569 1215 1611; x_wconf 69' lang='lat' dir='ltr'>haleso-a,</span> <span class='ocrx_word' id='word_1_192' title='bbox 1243 1569 1334 1604; x_wconf 79' lang='lat' dir='ltr'>idest</span> <span class='ocrx_word' id='word_1_193' title='bbox 1366 1569 1507 1614; x_wconf 77' lang='lat' dir='ltr'>emittit,</span> <span class='ocrx_word' id='word_1_194' title='bbox 1532 1571 1679 1613; x_wconf 72' lang='lat' dir='ltr'>flamma</span> 
     </span>
     <span class='ocr_line' id='line_1_24' title="bbox 503 1628 1678 1674; baseline 0 -11"><span class='ocrx_word' id='word_1_195' title='bbox 503 1630 539 1663; x_wconf 80' lang='lat' dir='ltr'>in</span> <span class='ocrx_word' id='word_1_196' title='bbox 568 1631 665 1674; x_wconf 73' lang='lat' dir='ltr'>faor,</span> <span class='ocrx_word' id='word_1_197' title='bbox 697 1628 791 1664; x_wconf 84' lang='lat' dir='ltr'>intra</span> <span class='ocrx_word' id='word_1_198' title='bbox 828 1639 939 1674; x_wconf 87' lang='lat' dir='ltr'>quam</span> <span class='ocrx_word' id='word_1_199' title='bbox 972 1628 1210 1663; x_wconf 87' lang='lat' dir='ltr'>includuntur</span> <span class='ocrx_word' id='word_1_200' title='bbox 1237 1628 1396 1673; x_wconf 76' lang='lat' dir='ltr'>spiritus,</span> <span class='ocrx_word' id='word_1_201' title='bbox 1425 1639 1442 1663; x_wconf 81' lang='lat' dir='ltr'>e</span> <span class='ocrx_word' id='word_1_202' title='bbox 1475 1630 1510 1663; x_wconf 80' lang='lat' dir='ltr'>la</span> <span class='ocrx_word' id='word_1_203' title='bbox 1541 1630 1678 1663; x_wconf 77' lang='lat' dir='ltr'>cornice</span> 
     </span>
     <span class='ocr_line' id='line_1_25' title="bbox 502 1688 1679 1733; baseline 0 -10"><span class='ocrx_word' id='word_1_204' title='bbox 502 1690 601 1733; x_wconf 74' lang='lat' dir='ltr'>spira</span> <span class='ocrx_word' id='word_1_205' title='bbox 624 1690 709 1732; x_wconf 74' lang='grc' dir='ltr'><em>[ἰαίο</em></span> <span class='ocrx_word' id='word_1_206' title='bbox 737 1689 771 1722; x_wconf 68' lang='lat' dir='ltr'>In</span> <span class='ocrx_word' id='word_1_207' title='bbox 798 1699 892 1732; x_wconf 76' lang='lat' dir='ltr'>suso,</span> <span class='ocrx_word' id='word_1_208' title='bbox 919 1688 1020 1733; x_wconf 80' lang='lat' dir='ltr'>idest,</span> <span class='ocrx_word' id='word_1_209' title='bbox 1044 1688 1174 1723; x_wconf 84' lang='lat' dir='ltr'>emittit</span> <span class='ocrx_word' id='word_1_210' title='bbox 1194 1691 1346 1724; x_wconf 72' lang='lat' dir='ltr'>ventum</span> <span class='ocrx_word' id='word_1_211' title='bbox 1367 1688 1570 1724; x_wconf 68' lang='lat' dir='ltr'>violentum</span> <span class='ocrx_word' id='word_1_212' title='bbox 1591 1698 1679 1724; x_wconf 89' lang='lat' dir='ltr'>con-</span> 
     </span>
     <span class='ocr_line' id='line_1_26' title="bbox 503 1748 1679 1793; baseline 0 -9"><span class='ocrx_word' id='word_1_213' title='bbox 503 1752 560 1784; x_wconf 87' lang='lat' dir='ltr'>tra</span> <span class='ocrx_word' id='word_1_214' title='bbox 587 1748 786 1793; x_wconf 79' lang='lat' dir='ltr'>flammam,</span> <span class='ocrx_word' id='word_1_215' title='bbox 813 1749 884 1793; x_wconf 70' lang='lat' dir='ltr'>elce,</span> <span class='ocrx_word' id='word_1_216' title='bbox 915 1748 1015 1793; x_wconf 81' lang='lat' dir='ltr'>idest,</span> <span class='ocrx_word' id='word_1_217' title='bbox 1037 1748 1099 1793; x_wconf 91' lang='lat' dir='ltr'>qui</span> <span class='ocrx_word' id='word_1_218' title='bbox 1119 1751 1260 1793; x_wconf 48' lang='lat' dir='ltr'>ventusJ</span> <span class='ocrx_word' id='word_1_219' title='bbox 1282 1750 1317 1783; x_wconf 80' lang='lat' dir='ltr'>la</span> <span class='ocrx_word' id='word_1_220' title='bbox 1343 1750 1474 1793; x_wconf 78' lang='lat' dir='ltr'>risletle,</span> <span class='ocrx_word' id='word_1_221' title='bbox 1497 1748 1598 1793; x_wconf 79' lang='lat' dir='ltr'>idest,</span> <span class='ocrx_word' id='word_1_222' title='bbox 1619 1758 1679 1784; x_wconf 85' lang='lat' dir='ltr'>re-</span> 
     </span>
     <span class='ocr_line' id='line_1_27' title="bbox 504 1808 1679 1854; baseline -0.001 -10"><span class='ocrx_word' id='word_1_223' title='bbox 504 1811 650 1854; x_wconf 85' lang='lat' dir='ltr'>torquet</span> <span class='ocrx_word' id='word_1_224' title='bbox 678 1808 792 1854; x_wconf 85' lang='lat' dir='ltr'>ipsam</span> <span class='ocrx_word' id='word_1_225' title='bbox 819 1808 1019 1853; x_wconf 79' lang='lat' dir='ltr'>flammam,</span> <span class='ocrx_word' id='word_1_226' title='bbox 1047 1819 1064 1842; x_wconf 84' lang='lat' dir='ltr'>e</span> <span class='ocrx_word' id='word_1_227' title='bbox 1087 1812 1278 1852; x_wconf 69' lang='lat' dir='ltr'>sequeslra,</span> <span class='ocrx_word' id='word_1_228' title='bbox 1301 1808 1402 1853; x_wconf 78' lang='lat' dir='ltr'>idest.7</span> <span class='ocrx_word' id='word_1_229' title='bbox 1421 1808 1546 1843; x_wconf 76' lang='lat' dir='ltr'>dividit</span> <span class='ocrx_word' id='word_1_230' title='bbox 1567 1810 1603 1843; x_wconf 90' lang='lat' dir='ltr'>et</span> <span class='ocrx_word' id='word_1_231' title='bbox 1621 1817 1679 1843; x_wconf 87' lang='lat' dir='ltr'>se—</span> 
     </span>
     <span class='ocr_line' id='line_1_28' title="bbox 503 1867 1677 1914; baseline -0.002 -10"><span class='ocrx_word' id='word_1_232' title='bbox 503 1872 618 1914; x_wconf 82' lang='lat' dir='ltr'>parat,</span> <span class='ocrx_word' id='word_1_233' title='bbox 645 1869 701 1903; x_wconf 69' lang='lat' dir='ltr'>via</span> <span class='ocrx_word' id='word_1_234' title='bbox 728 1869 776 1903; x_wconf 76' lang='lat' dir='ltr'>cla</span> <span class='ocrx_word' id='word_1_235' title='bbox 803 1869 857 1912; x_wconf 71' lang='lat' dir='ltr'>lei,</span> <span class='ocrx_word' id='word_1_236' title='bbox 885 1868 1030 1912; x_wconf 85' lang='lat' dir='ltr'>scilicet,</span> <span class='ocrx_word' id='word_1_237' title='bbox 1050 1867 1096 1903; x_wconf 89' lang='lat' dir='ltr'>ab</span> <span class='ocrx_word' id='word_1_238' title='bbox 1115 1867 1190 1913; x_wconf 79' lang='lat' dir='ltr'>ipsa</span> <span class='ocrx_word' id='word_1_239' title='bbox 1210 1868 1369 1913; x_wconf 76' lang='lat' dir='ltr'>flamma,</span> <span class='ocrx_word' id='word_1_240' title='bbox 1389 1867 1437 1903; x_wconf 88' lang='lat' dir='ltr'>ita</span> <span class='ocrx_word' id='word_1_241' title='bbox 1460 1868 1557 1913; x_wconf 89' lang='lat' dir='ltr'>quod</span> <span class='ocrx_word' id='word_1_242' title='bbox 1580 1867 1677 1903; x_wconf 90' lang='lat' dir='ltr'>viam</span> 
     </span>
     <span class='ocr_line' id='line_1_29' title="bbox 503 1927 1677 1974; baseline -0.002 -11"><span class='ocrx_word' id='word_1_243' title='bbox 503 1928 646 1964; x_wconf 88' lang='lat' dir='ltr'>dimittit</span> <span class='ocrx_word' id='word_1_244' title='bbox 680 1939 746 1974; x_wconf 93' lang='lat' dir='ltr'>pro</span> <span class='ocrx_word' id='word_1_245' title='bbox 782 1928 958 1973; x_wconf 81' lang='lat' dir='ltr'>transitu3</span> <span class='ocrx_word' id='word_1_246' title='bbox 996 1927 1076 1963; x_wconf 90' lang='lat' dir='ltr'>ideo</span> <span class='ocrx_word' id='word_1_247' title='bbox 1111 1927 1251 1962; x_wconf 81' lang='lat' dir='ltr'>subdit:</span> <span class='ocrx_word' id='word_1_248' title='bbox 1285 1929 1413 1962; x_wconf 80' lang='lat' dir='ltr'>ond&#39;z&#39;r</span> <span class='ocrx_word' id='word_1_249' title='bbox 1444 1938 1485 1962; x_wconf 77' lang='lat' dir='ltr'>,ne</span> <span class='ocrx_word' id='word_1_250' title='bbox 1510 1928 1677 1962; x_wconf 74' lang='lat' dir='ltr'>convenia</span> 
     </span>
     <span class='ocr_line' id='line_1_30' title="bbox 503 1987 1677 2034; baseline -0.002 -10"><span class='ocrx_word' id='word_1_251' title='bbox 503 1991 566 2024; x_wconf 78' lang='lat' dir='ltr'>dal</span> <span class='ocrx_word' id='word_1_252' title='bbox 590 1991 660 2024; x_wconf 80' lang='lat' dir='ltr'>lato</span> <span class='ocrx_word' id='word_1_253' title='bbox 686 1991 831 2033; x_wconf 71' lang='lat' dir='ltr'>seleinso,</span> <span class='ocrx_word' id='word_1_254' title='bbox 859 1989 1006 2034; x_wconf 79' lang='lat' dir='ltr'>scilicet,</span> <span class='ocrx_word' id='word_1_255' title='bbox 1033 1988 1250 2033; x_wconf 75' lang='lat' dir='ltr'>extrinseco,</span> <span class='ocrx_word' id='word_1_256' title='bbox 1278 1987 1340 2023; x_wconf 92' lang='lat' dir='ltr'>ubi</span> <span class='ocrx_word' id='word_1_257' title='bbox 1368 1988 1468 2023; x_wconf 85' lang='lat' dir='ltr'>nulla</span> <span class='ocrx_word' id='word_1_258' title='bbox 1495 1991 1547 2023; x_wconf 88' lang='lat' dir='ltr'>est</span> <span class='ocrx_word' id='word_1_259' title='bbox 1575 1987 1677 2023; x_wconf 89' lang='lat' dir='ltr'>clau-</span> 
     </span>
     <span class='ocr_line' id='line_1_31' title="bbox 503 2047 1677 2095; baseline -0.002 -12"><span class='ocrx_word' id='word_1_260' title='bbox 503 2059 590 2084; x_wconf 82' lang='lat' dir='ltr'>sura</span> <span class='ocrx_word' id='word_1_261' title='bbox 610 2049 717 2094; x_wconf 76' lang='lat' dir='ltr'>muri,</span> <span class='ocrx_word' id='word_1_262' title='bbox 737 2049 852 2095; x_wconf 78' lang='lat' dir='ltr'>saepis,</span> <span class='ocrx_word' id='word_1_263' title='bbox 873 2049 930 2085; x_wconf 88' lang='lat' dir='ltr'>vel</span> <span class='ocrx_word' id='word_1_264' title='bbox 957 2049 1044 2094; x_wconf 78' lang='lat' dir='ltr'>saxi,</span> <span class='ocrx_word' id='word_1_265' title='bbox 1068 2059 1092 2083; x_wconf 85' lang='lat' dir='ltr'>a</span> <span class='ocrx_word' id='word_1_266' title='bbox 1117 2058 1186 2083; x_wconf 72' lang='lat' dir='ltr'>zeno</span> <span class='ocrx_word' id='word_1_267' title='bbox 1213 2058 1236 2082; x_wconf 88' lang='grc' dir='ltr'><em>α</em></span> <span class='ocrx_word' id='word_1_268' title='bbox 1263 2058 1345 2091; x_wconf 80' lang='lat' dir='ltr'>uno,</span> <span class='ocrx_word' id='word_1_269' title='bbox 1363 2050 1399 2083; x_wconf 88' lang='lat' dir='ltr'>et</span> <span class='ocrx_word' id='word_1_270' title='bbox 1427 2058 1499 2082; x_wconf 90' lang='lat' dir='ltr'>non</span> <span class='ocrx_word' id='word_1_271' title='bbox 1523 2047 1597 2083; x_wconf 91' lang='lat' dir='ltr'>duo</span> <span class='ocrx_word' id='word_1_272' title='bbox 1619 2047 1677 2082; x_wconf 88' lang='lat' dir='ltr'>vel</span> 
     </span>
     <span class='ocr_line' id='line_1_32' title="bbox 503 2107 1675 2154; baseline -0.003 -10"><span class='ocrx_word' id='word_1_273' title='bbox 503 2112 576 2144; x_wconf 83' lang='lat' dir='ltr'>tres</span> <span class='ocrx_word' id='word_1_274' title='bbox 604 2108 731 2153; x_wconf 72' lang='lat' dir='ltr'>simu13</span> <span class='ocrx_word' id='word_1_275' title='bbox 760 2109 807 2144; x_wconf 86' lang='lat' dir='ltr'>ita</span> <span class='ocrx_word' id='word_1_276' title='bbox 835 2109 933 2154; x_wconf 88' lang='lat' dir='ltr'>quod</span> <span class='ocrx_word' id='word_1_277' title='bbox 961 2109 1027 2144; x_wconf 83' lang='lat' dir='ltr'>iste</span> <span class='ocrx_word' id='word_1_278' title='bbox 1058 2108 1157 2144; x_wconf 83' lang='lat' dir='ltr'>callis</span> <span class='ocrx_word' id='word_1_279' title='bbox 1190 2107 1346 2143; x_wconf 85' lang='lat' dir='ltr'>habebat</span> <span class='ocrx_word' id='word_1_280' title='bbox 1380 2107 1498 2143; x_wconf 89' lang='lat' dir='ltr'>solum</span> <span class='ocrx_word' id='word_1_281' title='bbox 1533 2110 1675 2142; x_wconf 84' lang='lat' dir='ltr'>tantum</span> 
     </span>
     <span class='ocr_line' id='line_1_33' title="bbox 503 2167 1676 2214; baseline -0.001 -11"><span class='ocrx_word' id='word_1_282' title='bbox 503 2168 711 2214; x_wconf 81' lang='lat' dir='ltr'>latitudinis,</span> <span class='ocrx_word' id='word_1_283' title='bbox 731 2168 828 2214; x_wconf 89' lang='lat' dir='ltr'>quod</span> <span class='ocrx_word' id='word_1_284' title='bbox 851 2169 910 2203; x_wconf 83' lang='lat' dir='ltr'>vix</span> <span class='ocrx_word' id='word_1_285' title='bbox 938 2172 1081 2214; x_wconf 84' lang='lat' dir='ltr'>poterat</span> <span class='ocrx_word' id='word_1_286' title='bbox 1109 2168 1162 2203; x_wconf 90' lang='lat' dir='ltr'>ire</span> <span class='ocrx_word' id='word_1_287' title='bbox 1189 2169 1300 2203; x_wconf 85' lang='lat' dir='ltr'>homo</span> <span class='ocrx_word' id='word_1_288' title='bbox 1326 2168 1442 2212; x_wconf 65' lang='lat' dir='ltr'>solusg</span> <span class='ocrx_word' id='word_1_289' title='bbox 1472 2167 1552 2203; x_wconf 90' lang='lat' dir='ltr'>ideo</span> <span class='ocrx_word' id='word_1_290' title='bbox 1580 2167 1676 2202; x_wconf 91' lang='lat' dir='ltr'>mul-</span> 
     </span>
    </p>
   </div>
   <div class='ocr_carea' id='block_1_3' title="bbox 568 2300 1001 2331">
    <p class='ocr_par' dir='ltr' id='par_1_3' title="bbox 568 2300 1001 2331">
     <span class='ocr_line' id='line_1_34' title="bbox 568 2300 1001 2331; baseline 0 -7"><span class='ocrx_word' id='word_1_291' title='bbox 568 2301 594 2331; x_wconf 83' lang='lat'>(¹)</span> <span class='ocrx_word' id='word_1_292' title='bbox 612 2301 636 2324; x_wconf 79' lang='lat' dir='ltr'>S.</span> <span class='ocrx_word' id='word_1_293' title='bbox 654 2308 668 2324; x_wconf 83' lang='lat' dir='ltr'>e</span> <span class='ocrx_word' id='word_1_294' title='bbox 685 2301 714 2324; x_wconf 82' lang='lat' dir='ltr'>E.</span> <span class='ocrx_word' id='word_1_295' title='bbox 733 2300 803 2324; x_wconf 73' lang='lat' dir='ltr'>Sicut</span> <span class='ocrx_word' id='word_1_296' title='bbox 821 2303 906 2325; x_wconf 77' lang='lat' dir='ltr'>autem</span> <span class='ocrx_word' id='word_1_297' title='bbox 925 2303 1001 2331; x_wconf 79' lang='lat' dir='ltr'>patet.</span> 
     </span>
    </p>
   </div>
  </div>
 </body>
</html>
