1766 2856
496 264 565 295 448
891 267 1096 293 COMENTUM
1123 267 1291 292 PARADISI

494 343 618 378 multis
645 340 852 388 proscriptis
875 344 911 375 et
930 340 1099 386 spoliatis.
1123 339 1296 375 Octavius
1315 339 1456 374 obsedit
1475 349 1561 375 eum
1583 339 1678 376 intra

494 402 700 445 Perusium,
723 404 758 436 et
786 403 865 446 post
895 410 1067 447 magnam
1087 399 1224 435 famem
1244 399 1406 445 pepercit
1426 399 1596 445 Antonio,
1615 401 1680 436 sed

492 461 625 497 delevit
652 460 858 496 Perusium.
888 460 993 495 Nunc
1019 460 1065 495 ad
1092 459 1236 495 literam
1265 459 1349 495 dicit
1376 463 1505 495 autor:
1533 461 1570 495 di
1602 462 1682 505 quel

492 523 550 556 che
578 523 626 566 fe,
655 521 742 556 illud
775 520 921 568 signum
956 520 1102 566 aquilae,
1133 521 1189 555 eol
1219 520 1335 554 batuto
1368 523 1540 564 sequente,
1573 520 1679 566 idest,

492 591 577 617 cum
607 582 751 617 Caesare
779 581 944 628 Augusto
969 580 1151 616 nutritore
1173 590 1253 625 suo,
1276 580 1339 625 qui
1361 580 1441 626 plus
1460 580 1602 616 caeteris
1623 580 1680 617 fo-

493 642 542 678 vit
579 645 614 678 et
644 642 828 688 promovit
855 641 1029 687 aquilam,
1058 641 1163 677 cuius
1191 641 1410 677 incredibilis
1438 645 1474 677 et
1490 638 1526 686 ιζ’)
1557 641 1678 678 divina

493 703 607 738 virtus
634 702 819 749 superavit
848 705 1015 747 aetatem,
1051 702 1148 738 unde
1179 701 1277 748 apud
1310 702 1485 737 Mutinam
1520 702 1680 748 portavit

492 764 653 809 aquilam
683 763 846 799 humeris
867 762 1021 809 propriis
1042 763 1223 798 moriente
1241 762 1458 808 aquilifero,
1479 765 1590 798 Bruto
1609 773 1675 798 con

494 826 612 859 Cassio
639 825 716 859 nell'
733 825 870 868 inferno
898 825 1005 867 Iaera,
1034 823 1070 859 in
1098 827 1267 859 extremo
1301 823 1436 870 frigore
1463 823 1606 869 glaciali
1642 823 1677 858 in

491 884 619 919 ultimo
639 883 831 929 supplicio:
860 887 896 919 et
922 887 1161 930 praeposterat
1182 883 1362 929 ordinem,
1385 883 1470 929 quia
1490 883 1591 929 prius
1611 883 1675 918 fuit

489 944 625 980 bellum
654 944 759 979 civile
793 944 1001 980 mutinense
1028 955 1139 990 quam
1169 944 1415 990 philippense3
1445 943 1542 979 unde
1570 943 1673 979 dicit:

488 1017 505 1041 e
519 1007 675 1041 ,iloclona
695 1016 712 1040 e
731 1007 885 1049 Perztyia
901 1007 936 1051 fe
955 1007 1353 1050 dolente—Plangere&
1371 1005 1435 1041 Hic
1449 1005 1467 1040 J
1472 1005 1672 1040 ustinianus

492 1066 606 1112 tangit
632 1066 728 1101 aliud
757 1066 894 1102 bellum
923 1065 1029 1101 civile
1048 1066 1185 1101 factum
1207 1066 1347 1101 famose
1367 1076 1432 1112 per
1450 1065 1672 1112 Augustum.

487 1127 539 1162 Ad
559 1127 656 1172 quod
675 1130 729 1162 est
748 1126 937 1162 sciendum
959 1126 1058 1172 quod
1076 1127 1254 1162 Antonius
1275 1127 1523 1162 effoeminatus
1545 1135 1674 1162 amore

487 1187 687 1233 Cleopatrae
715 1187 948 1232 pulcerrimae
975 1186 1079 1222 duxit
1107 1187 1221 1233 ipsam
1237 1183 1271 1231 (ἢ
1304 1187 1339 1222 in
1368 1196 1537 1231 uxorem,
1563 1196 1674 1231 repu-

487 1248 581 1283 diata
597 1247 746 1283 Octavia
766 1257 894 1282 sorore
908 1246 1065 1291 Octavii3
1087 1251 1234 1293 propter
1258 1247 1356 1292 quod
1375 1250 1498 1282 ortum
1523 1249 1576 1282 est
1596 1245 1672 1281 bel-

487 1309 563 1343 lum
593 1308 687 1343 inter
712 1308 912 1343 Antonium
947 1311 983 1344 et
1019 1308 1223 1344 Octavium.
1252 1308 1423 1343 Octavius
1450 1318 1472 1342 a
1499 1306 1671 1341 Brundu-

487 1369 539 1404 sio
569 1369 733 1404 transivit
761 1368 796 1404 in
825 1369 974 1415 Epirum
1003 1379 1089 1404 cum
1118 1379 1251 1415 magna
1271 1369 1405 1414 classe,
1426 1371 1461 1403 et
1481 1367 1670 1413 Cleopatra

486 1430 736 1475 potentissima
765 1440 850 1465 cum
880 1430 991 1465 variis
1018 1429 1188 1476 gentibus
1211 1429 1361 1465 orientis
1383 1433 1419 1464 et
1440 1428 1522 1464 forti
1541 1428 1667 1473 classe,

486 1493 521 1525 et
548 1490 726 1525 Antonius
753 1501 839 1526 cum
868 1500 911 1525 ea
939 1494 1190 1526 cucurrerunt
1209 1500 1292 1525 cum
1314 1488 1463 1525 Octavio
1487 1488 1582 1524 bello
1604 1498 1671 1523 na-

487 1550 557 1585 vali
585 1551 653 1585 sub
680 1550 839 1586 Leucate
868 1554 1003 1586 monte.
1023 1550 1073 1585 lbi
1101 1550 1293 1596 Cleopatra
1312 1549 1430 1595 prima
1450 1559 1536 1584 cum
1554 1558 1669 1584 aurea

487 1610 570 1644 navi
597 1613 633 1645 et
661 1610 742 1645 velo
770 1620 958 1655 purpureo
986 1610 1080 1656 cepit
1109 1610 1247 1656 fugam,
1272 1620 1384 1655 quam
1407 1612 1587 1655 sequutus
1615 1612 1667 1644 est

485 1670 680 1714 Antonius-3
705 1674 739 1705 et
757 1669 929 1705 Octavius
948 1670 1122 1705 continuo
1143 1673 1389 1715 persequutus
1409 1680 1473 1705 eos
1492 1679 1666 1715 prospere

487 1730 626 1765 obsedit
653 1740 716 1765 eos
744 1730 778 1764 in
805 1730 1037 1765 Alexandria.
1066 1730 1245 1765 Antonius
1263 1730 1460 1776 desperans
1482 1739 1611 1775 pacem
1631 1739 1671 1765 se

486 1789 607 1836 gladio
634 1789 839 1834 interfecit,
867 1790 1059 1836 Cleopatra
1088 1801 1177 1825 vero
1197 1800 1269 1825 non
1291 1790 1415 1825 valens
1437 1790 1585 1825 flectere
1603 1800 1672 1835 pu-

485 1850 644 1886 dicitiam
668 1850 816 1897 ¹juvenis
847 1851 998 1895 Octavii,
1033 1851 1158 1887 videns
1186 1861 1224 1887 se
1253 1851 1436 1887 reservari
1462 1850 1508 1886 ad
1537 1850 1670 1885 trium-

485 1911 613 1957 phum,
629 1911 775 1946 intravit
794 1911 1005 1957 sepulcrum
1027 1911 1081 1946 sui
1103 1911 1259 1956 Antonii,
1275 1915 1310 1947 et
1329 1911 1500 1957 appositis
1522 1920 1670 1956 serpen-

486 1971 582 2006 tibus
610 1972 747 2017 pectori
775 1982 854 2017 suo,
883 1972 959 2018 ipsa
996 1982 1181 2008 venenosa
1216 1982 1366 2018 serpens
1400 1972 1436 2007 in
1473 1972 1667 2017 complexu

485 2032 627 2067 Antonii
657 2032 759 2078 quasi
787 2032 974 2068 dormiens
993 2033 1183 2079 expiravit.
1204 2032 1288 2069 Ideo
1313 2033 1407 2068 bene
1434 2032 1536 2068 dicit:
1558 2033 1667 2067 Ptan-

483 2103 568 2136 9ene
595 2104 706 2128 ancor
728 2094 762 2128 Ια
781 2095 883 2128 trista
908 2095 1107 2138 Cleopatra,
1128 2093 1212 2138 quia
1236 2093 1373 2139 pulcra,
1397 2095 1535 2138 potens,
1555 2091 1667 2136 dives,

484 2153 703 2189 astutissima
732 2154 767 2189 in
796 2158 934 2189 tantam
963 2154 1109 2190 devenit
1128 2154 1388 2198 infelicitatem,
1408 2163 1520 2198 quam
1545 2156 1667 2188 tamen

485 2214 768 2260 magnanimiter
802 2219 837 2250 et
874 2215 946 2250 cito
978 2215 1115 2260 finivit,
1148 2214 1246 2250 unde
1279 2214 1382 2249 dicit:
1419 2214 1490 2258 che,
1517 2215 1668 2258 sagmen-

548 2343 575 2371 [')
592 2343 620 2366 E.
639 2343 682 2367 sed
701 2343 793 2367 divina.
1165 2343 1191 2373 (¹)
1210 2345 1239 2369 E.
1257 2351 1323 2368 cam.
