<?xml version="1.0" encoding="UTF-8"?>
<!DOCTYPE html PUBLIC "-//W3C//DTD XHTML 1.0 Transitional//EN"
    "http://www.w3.org/TR/xhtml1/DTD/xhtml1-transitional.dtd">
<html xmlns="http://www.w3.org/1999/xhtml" xml:lang="en" lang="en">
 <head>
  <title>
</title>
<meta http-equiv="Content-Type" content="text/html;charset=utf-8" />
  <meta name='ocr-system' content='tesseract 3.04.00' />
  <meta name='ocr-capabilities' content='ocr_page ocr_carea ocr_par ocr_line ocrx_word'/>
</head>
<body>
  <div class='ocr_page' id='page_1' title='image "./comentumsuperdan04benvuoft_0051.png"; bbox 0 0 1737 2836; ppageno 0'>
   <div class='ocr_carea' id='block_1_1' title="bbox 358 201 1221 232">
    <p class='ocr_par' dir='ltr' id='par_1_1' title="bbox 358 201 1221 232">
     <span class='ocr_line' id='line_1_1' title="bbox 358 201 1221 232; baseline 0.001 -1"><span class='ocrx_word' id='word_1_1' title='bbox 358 206 494 231; x_wconf 69' lang='lat' dir='ltr'>CANTL‘S</span> <span class='ocrx_word' id='word_1_2' title='bbox 522 206 710 232; x_wconf 73' lang='lat' dir='ltr'>VIGESIML‘S</span> <span class='ocrx_word' id='word_1_3' title='bbox 735 206 928 232; x_wconf 65' lang='lat' dir='ltr'>SECUNDUS.</span> <span class='ocrx_word' id='word_1_4' title='bbox 1178 201 1221 232; x_wconf 79' lang='lat'>39</span> 
     </span>
    </p>
   </div>
   <div class='ocr_carea' id='block_1_2' title="bbox 50 276 1223 2105">
    <p class='ocr_par' dir='ltr' id='par_1_2' title="bbox 50 276 1223 1630">
     <span class='ocr_line' id='line_1_2' title="bbox 58 276 1219 323; baseline 0.002 -12"><span class='ocrx_word' id='word_1_5' title='bbox 58 276 143 311; x_wconf 87' lang='lat' dir='ltr'>vidit</span> <span class='ocrx_word' id='word_1_6' title='bbox 171 280 334 312; x_wconf 83' lang='lat' dir='ltr'>extrema</span> <span class='ocrx_word' id='word_1_7' title='bbox 367 278 531 312; x_wconf 91' lang='lat' dir='ltr'>omnium</span> <span class='ocrx_word' id='word_1_8' title='bbox 567 277 805 323; x_wconf 75' lang='lat' dir='ltr'>tristitiarum,</span> <span class='ocrx_word' id='word_1_9' title='bbox 838 278 982 323; x_wconf 89' lang='lat' dir='ltr'>scilicet,</span> <span class='ocrx_word' id='word_1_10' title='bbox 1019 278 1219 313; x_wconf 73' lang='lat' dir='ltr'>caecitatem</span> 
     </span>
     <span class='ocr_line' id='line_1_3' title="bbox 57 333 1223 382; baseline 0.001 -11"><span class='ocrx_word' id='word_1_11' title='bbox 57 339 291 381; x_wconf 78' lang='lat' dir='ltr'>spontaneam</span> <span class='ocrx_word' id='word_1_12' title='bbox 320 337 441 382; x_wconf 83' lang='lat' dir='ltr'>patris,</span> <span class='ocrx_word' id='word_1_13' title='bbox 469 340 626 371; x_wconf 89' lang='lat' dir='ltr'>mortem</span> <span class='ocrx_word' id='word_1_14' title='bbox 655 337 899 372; x_wconf 72' lang='lat' dir='ltr'>voluntariam</span> <span class='ocrx_word' id='word_1_15' title='bbox 929 337 1053 372; x_wconf 87' lang='lat' dir='ltr'>matris</span> <span class='ocrx_word' id='word_1_16' title='bbox 1070 333 1118 382; x_wconf 68' lang='lat'>(¹),</span> <span class='ocrx_word' id='word_1_17' title='bbox 1139 348 1223 372; x_wconf 91' lang='lat' dir='ltr'>mu-</span> 
     </span>
     <span class='ocr_line' id='line_1_4' title="bbox 58 396 1221 443; baseline 0.001 -13"><span class='ocrx_word' id='word_1_18' title='bbox 58 398 158 430; x_wconf 88' lang='lat' dir='ltr'>tuam</span> <span class='ocrx_word' id='word_1_19' title='bbox 190 400 346 431; x_wconf 88' lang='lat' dir='ltr'>mortem</span> <span class='ocrx_word' id='word_1_20' title='bbox 375 396 541 440; x_wconf 82' lang='lat' dir='ltr'><strong>fratrum,</strong></span> <span class='ocrx_word' id='word_1_21' title='bbox 561 396 774 431; x_wconf 73' lang='lat' dir='ltr'>servitutem</span> <span class='ocrx_word' id='word_1_22' title='bbox 798 396 934 441; x_wconf 78' lang='lat' dir='ltr'>patriae,</span> <span class='ocrx_word' id='word_1_23' title='bbox 955 401 990 432; x_wconf 91' lang='lat' dir='ltr'>et</span> <span class='ocrx_word' id='word_1_24' title='bbox 1014 400 1063 431; x_wconf 90' lang='lat' dir='ltr'>tot</span> <span class='ocrx_word' id='word_1_25' title='bbox 1091 407 1221 443; x_wconf 84' lang='lat' dir='ltr'>regum</span> 
     </span>
     <span class='ocr_line' id='line_1_5' title="bbox 57 455 1221 503; baseline 0.002 -13"><span class='ocrx_word' id='word_1_26' title='bbox 57 455 242 490; x_wconf 89' lang='lat' dir='ltr'>interitum</span> <span class='ocrx_word' id='word_1_27' title='bbox 271 466 355 491; x_wconf 88' lang='lat' dir='ltr'>cum</span> <span class='ocrx_word' id='word_1_28' title='bbox 392 455 465 490; x_wconf 86' lang='lat' dir='ltr'>suis</span> <span class='ocrx_word' id='word_1_29' title='bbox 501 455 794 490; x_wconf 81' lang='lat' dir='ltr'>exercitibus.—</span> <span class='ocrx_word' id='word_1_30' title='bbox 816 458 940 490; x_wconf 74' lang='lat' dir='ltr'>I&#39;edesi.</span> <span class='ocrx_word' id='word_1_31' title='bbox 968 457 1031 491; x_wconf 90' lang='lat' dir='ltr'>Hic</span> <span class='ocrx_word' id='word_1_32' title='bbox 1053 456 1221 503; x_wconf 80' lang='lat' dir='ltr'>Virgilius</span> 
     </span>
     <span class='ocr_line' id='line_1_6' title="bbox 57 512 1221 561; baseline 0 -11"><span class='ocrx_word' id='word_1_33' title='bbox 57 515 219 550; x_wconf 91' lang='lat' dir='ltr'>nominat</span> <span class='ocrx_word' id='word_1_34' title='bbox 233 515 340 550; x_wconf 88' lang='lat' dir='ltr'>aliam</span> <span class='ocrx_word' id='word_1_35' title='bbox 355 515 596 560; x_wconf 65' lang='lat' dir='ltr'>Hypsypilem,</span> <span class='ocrx_word' id='word_1_36' title='bbox 612 524 694 559; x_wconf 77' lang='lat' dir='ltr'>quae</span> <span class='ocrx_word' id='word_1_37' title='bbox 714 514 778 548; x_wconf 87' lang='lat' dir='ltr'>fuit</span> <span class='ocrx_word' id='word_1_38' title='bbox 795 525 969 560; x_wconf 82' lang='lat' dir='ltr'>magnum</span> <span class='ocrx_word' id='word_1_39' title='bbox 985 516 1173 561; x_wconf 84' lang='lat' dir='ltr'>speculum</span> <span class='ocrx_word' id='word_1_40' title='bbox 1186 512 1221 560; x_wconf 53' lang='lat' dir='ltr'>(zi</span> 
     </span>
     <span class='ocr_line' id='line_1_7' title="bbox 56 574 1221 620; baseline 0.001 -10"><span class='ocrx_word' id='word_1_41' title='bbox 56 575 222 620; x_wconf 81' lang='lat' dir='ltr'>fortunae,</span> <span class='ocrx_word' id='word_1_42' title='bbox 250 575 295 610; x_wconf 90' lang='lat' dir='ltr'>de</span> <span class='ocrx_word' id='word_1_43' title='bbox 321 585 393 620; x_wconf 88' lang='lat' dir='ltr'>qua</span> <span class='ocrx_word' id='word_1_44' title='bbox 420 574 555 609; x_wconf 92' lang='lat' dir='ltr'>dictum</span> <span class='ocrx_word' id='word_1_45' title='bbox 584 577 637 609; x_wconf 83' lang='lat' dir='ltr'>est</span> <span class='ocrx_word' id='word_1_46' title='bbox 664 574 795 609; x_wconf 80' lang='lat' dir='ltr'>Inferni</span> <span class='ocrx_word' id='word_1_47' title='bbox 825 574 980 619; x_wconf 84' lang='lat' dir='ltr'>capitulo</span> <span class='ocrx_word' id='word_1_48' title='bbox 1008 576 1124 610; x_wconf 72' lang='lat' dir='ltr'>XVIII.</span> <span class='ocrx_word' id='word_1_49' title='bbox 1152 576 1221 611; x_wconf 84' lang='lat' dir='ltr'>Ista</span> 
     </span>
     <span class='ocr_line' id='line_1_8' title="bbox 56 630 1222 680; baseline -0.001 -10"><span class='ocrx_word' id='word_1_50' title='bbox 56 635 152 670; x_wconf 87' lang='lat' dir='ltr'>enim</span> <span class='ocrx_word' id='word_1_51' title='bbox 180 635 327 680; x_wconf 90' lang='lat' dir='ltr'>decepta</span> <span class='ocrx_word' id='word_1_52' title='bbox 354 644 374 669; x_wconf 92' lang='lat' dir='ltr'>a</span> <span class='ocrx_word' id='word_1_53' title='bbox 402 634 533 669; x_wconf 85' lang='lat' dir='ltr'>Jasone</span> <span class='ocrx_word' id='word_1_54' title='bbox 552 633 698 669; x_wconf 78' lang='lat' dir='ltr'>recessit</span> <span class='ocrx_word' id='word_1_55' title='bbox 716 634 761 668; x_wconf 91' lang='lat' dir='ltr'>ab</span> <span class='ocrx_word' id='word_1_56' title='bbox 781 633 897 668; x_wconf 85' lang='lat' dir='ltr'>insula</span> <span class='ocrx_word' id='word_1_57' title='bbox 921 634 1057 669; x_wconf 90' lang='lat' dir='ltr'>Lemno</span> <span class='ocrx_word' id='word_1_58' title='bbox 1071 630 1118 679; x_wconf 70' lang='lat'>(3),</span> <span class='ocrx_word' id='word_1_59' title='bbox 1139 645 1222 680; x_wconf 84' lang='lat' dir='ltr'>quae</span> 
     </span>
     <span class='ocr_line' id='line_1_9' title="bbox 55 692 1222 740; baseline -0.001 -11"><span class='ocrx_word' id='word_1_60' title='bbox 55 698 178 740; x_wconf 82' lang='lat' dir='ltr'>postea</span> <span class='ocrx_word' id='word_1_61' title='bbox 205 694 333 740; x_wconf 84' lang='lat' dir='ltr'>graecis</span> <span class='ocrx_word' id='word_1_62' title='bbox 360 693 586 729; x_wconf 69' lang='lat' dir='ltr'>venientibus</span> <span class='ocrx_word' id='word_1_63' title='bbox 614 693 649 727; x_wconf 93' lang='lat' dir='ltr'>in</span> <span class='ocrx_word' id='word_1_64' title='bbox 680 692 903 728; x_wconf 89' lang='lat' dir='ltr'>obsidionem</span> <span class='ocrx_word' id='word_1_65' title='bbox 938 693 1158 738; x_wconf 76' lang='lat' dir='ltr'>Thebarum,</span> <span class='ocrx_word' id='word_1_66' title='bbox 1187 698 1222 728; x_wconf 90' lang='lat' dir='ltr'>et</span> 
     </span>
     <span class='ocr_line' id='line_1_10' title="bbox 54 753 1222 798; baseline -0.002 -9"><span class='ocrx_word' id='word_1_67' title='bbox 54 754 302 790; x_wconf 81' lang='lat' dir='ltr'>laborantibus</span> <span class='ocrx_word' id='word_1_68' title='bbox 329 754 395 798; x_wconf 91' lang='lat' dir='ltr'>siti,</span> <span class='ocrx_word' id='word_1_69' title='bbox 417 753 632 788; x_wconf 78' lang='lat' dir='ltr'>monstravit</span> <span class='ocrx_word' id='word_1_70' title='bbox 651 753 786 788; x_wconf 89' lang='lat' dir='ltr'>fontem</span> <span class='ocrx_word' id='word_1_71' title='bbox 807 753 869 798; x_wconf 92' lang='lat' dir='ltr'>qui</span> <span class='ocrx_word' id='word_1_72' title='bbox 891 753 989 787; x_wconf 85' lang='lat' dir='ltr'>solus</span> <span class='ocrx_word' id='word_1_73' title='bbox 1013 763 1084 788; x_wconf 96' lang='lat' dir='ltr'>non</span> <span class='ocrx_word' id='word_1_74' title='bbox 1111 763 1222 788; x_wconf 88' lang='lat' dir='ltr'>arue-</span> 
     </span>
     <span class='ocr_line' id='line_1_11' title="bbox 54 812 1222 860; baseline -0.002 -11"><span class='ocrx_word' id='word_1_75' title='bbox 54 817 111 849; x_wconf 86' lang='lat' dir='ltr'>rat</span> <span class='ocrx_word' id='word_1_76' title='bbox 137 814 306 849; x_wconf 80' lang='lat' dir='ltr'>siccitate.</span> <span class='ocrx_word' id='word_1_77' title='bbox 334 814 422 849; x_wconf 85' lang='lat' dir='ltr'>Dicit</span> <span class='ocrx_word' id='word_1_78' title='bbox 450 824 557 860; x_wconf 81' lang='lat' dir='ltr'>ergo:</span> <span class='ocrx_word' id='word_1_79' title='bbox 585 814 712 856; x_wconf 73' lang='lat' dir='ltr'>t&#39;edesz&#39;,</span> <span class='ocrx_word' id='word_1_80' title='bbox 732 813 825 847; x_wconf 89' lang='lat' dir='ltr'>inter</span> <span class='ocrx_word' id='word_1_81' title='bbox 843 812 930 848; x_wconf 89' lang='lat' dir='ltr'>alias</span> <span class='ocrx_word' id='word_1_82' title='bbox 950 813 1121 848; x_wconf 82' lang='lat' dir='ltr'>mulieres</span> <span class='ocrx_word' id='word_1_83' title='bbox 1140 813 1222 847; x_wconf 91' lang='lat' dir='ltr'>illu—</span> 
     </span>
     <span class='ocr_line' id='line_1_12' title="bbox 54 871 1221 919; baseline -0.002 -11"><span class='ocrx_word' id='word_1_84' title='bbox 54 876 156 918; x_wconf 86' lang='lat' dir='ltr'>stres,</span> <span class='ocrx_word' id='word_1_85' title='bbox 176 875 301 917; x_wconf 78' lang='lat' dir='ltr'>quella,</span> <span class='ocrx_word' id='word_1_86' title='bbox 320 873 463 918; x_wconf 87' lang='lat' dir='ltr'>scilicet,</span> <span class='ocrx_word' id='word_1_87' title='bbox 479 872 709 919; x_wconf 66' lang='lat' dir='ltr'>Hypsypilem</span> <span class='ocrx_word' id='word_1_88' title='bbox 730 872 838 907; x_wconf 86' lang='lat' dir='ltr'>filiam</span> <span class='ocrx_word' id='word_1_89' title='bbox 853 871 1022 906; x_wconf 80' lang='lat' dir='ltr'>Thoantis</span> <span class='ocrx_word' id='word_1_90' title='bbox 1043 872 1148 918; x_wconf 80' lang='lat' dir='ltr'>regis,</span> <span class='ocrx_word' id='word_1_91' title='bbox 1164 874 1221 907; x_wconf 79' lang='lat' dir='ltr'>che</span> 
     </span>
     <span class='ocr_line' id='line_1_13' title="bbox 54 929 1222 977; baseline 0 -10"><span class='ocrx_word' id='word_1_92' title='bbox 54 929 184 967; x_wconf 74' lang='lat' dir='ltr'>mostro</span> <span class='ocrx_word' id='word_1_93' title='bbox 211 935 360 977; x_wconf 60' lang='lat' dir='ltr'>Langia,</span> <span class='ocrx_word' id='word_1_94' title='bbox 388 932 523 967; x_wconf 88' lang='lat' dir='ltr'>fontem</span> <span class='ocrx_word' id='word_1_95' title='bbox 552 932 775 967; x_wconf 85' lang='lat' dir='ltr'>thebanum:</span> <span class='ocrx_word' id='word_1_96' title='bbox 803 931 847 966; x_wconf 73' lang='lat' dir='ltr'>(le</span> <span class='ocrx_word' id='word_1_97' title='bbox 873 932 942 966; x_wconf 92' lang='lat' dir='ltr'>hoc</span> <span class='ocrx_word' id='word_1_98' title='bbox 968 931 1084 965; x_wconf 83' lang='lat' dir='ltr'>dicam</span> <span class='ocrx_word' id='word_1_99' title='bbox 1117 932 1222 977; x_wconf 87' lang='lat' dir='ltr'>plene</span> 
     </span>
     <span class='ocr_line' id='line_1_14' title="bbox 54 991 1223 1038; baseline -0.001 -11"><span class='ocrx_word' id='word_1_100' title='bbox 54 992 145 1027; x_wconf 86' lang='lat' dir='ltr'>infra</span> <span class='ocrx_word' id='word_1_101' title='bbox 178 993 334 1038; x_wconf 88' lang='lat' dir='ltr'>capitulo</span> <span class='ocrx_word' id='word_1_102' title='bbox 362 993 484 1036; x_wconf 77' lang='lat' dir='ltr'>XXVI,</span> <span class='ocrx_word' id='word_1_103' title='bbox 518 992 597 1027; x_wconf 88' lang='lat' dir='ltr'>ideo</span> <span class='ocrx_word' id='word_1_104' title='bbox 629 991 686 1026; x_wconf 90' lang='lat' dir='ltr'>hic</span> <span class='ocrx_word' id='word_1_105' title='bbox 718 994 940 1036; x_wconf 80' lang='lat' dir='ltr'>pertranseo,</span> <span class='ocrx_word' id='word_1_106' title='bbox 969 991 1054 1035; x_wconf 88' lang='lat' dir='ltr'>quia</span> <span class='ocrx_word' id='word_1_107' title='bbox 1088 991 1135 1025; x_wconf 91' lang='lat' dir='ltr'>ibi</span> <span class='ocrx_word' id='word_1_108' title='bbox 1169 995 1223 1026; x_wconf 88' lang='lat' dir='ltr'>est</span> 
     </span>
     <span class='ocr_line' id='line_1_15' title="bbox 53 1050 1221 1098; baseline -0.001 -11"><span class='ocrx_word' id='word_1_109' title='bbox 53 1052 198 1098; x_wconf 85' lang='lat' dir='ltr'>propria</span> <span class='ocrx_word' id='word_1_110' title='bbox 227 1052 398 1096; x_wconf 64' lang='lat' dir='ltr'>materia,</span> <span class='ocrx_word' id='word_1_111' title='bbox 419 1054 453 1086; x_wconf 90' lang='lat' dir='ltr'>et</span> <span class='ocrx_word' id='word_1_112' title='bbox 471 1051 571 1086; x_wconf 89' lang='lat' dir='ltr'>dicit:</span> <span class='ocrx_word' id='word_1_113' title='bbox 591 1052 666 1085; x_wconf 64' lang='lat' dir='ltr'>evm?</span> <span class='ocrx_word' id='word_1_114' title='bbox 687 1052 721 1085; x_wconf 80' lang='lat' dir='ltr'>la</span> <span class='ocrx_word' id='word_1_115' title='bbox 737 1051 836 1094; x_wconf 69' lang='lat' dir='ltr'>fiylz&#39;a</span> <span class='ocrx_word' id='word_1_116' title='bbox 854 1051 890 1085; x_wconf 71' lang='lat' dir='ltr'>stt</span> <span class='ocrx_word' id='word_1_117' title='bbox 912 1051 1055 1093; x_wconf 61' lang='lat' dir='ltr'>Tiresia,</span> <span class='ocrx_word' id='word_1_118' title='bbox 1075 1050 1221 1095; x_wconf 86' lang='lat' dir='ltr'>scilicet,</span> 
     </span>
     <span class='ocr_line' id='line_1_16' title="bbox 53 1109 1221 1156; baseline 0 -10"><span class='ocrx_word' id='word_1_119' title='bbox 53 1111 210 1155; x_wconf 89' lang='lat' dir='ltr'>Mantho,</span> <span class='ocrx_word' id='word_1_120' title='bbox 237 1111 282 1146; x_wconf 88' lang='lat' dir='ltr'>de</span> <span class='ocrx_word' id='word_1_121' title='bbox 309 1122 381 1156; x_wconf 88' lang='lat' dir='ltr'>qua</span> <span class='ocrx_word' id='word_1_122' title='bbox 408 1111 512 1156; x_wconf 84' lang='lat' dir='ltr'>plene</span> <span class='ocrx_word' id='word_1_123' title='bbox 532 1110 666 1145; x_wconf 87' lang='lat' dir='ltr'>dictum</span> <span class='ocrx_word' id='word_1_124' title='bbox 691 1114 744 1145; x_wconf 90' lang='lat' dir='ltr'>est</span> <span class='ocrx_word' id='word_1_125' title='bbox 762 1109 893 1145; x_wconf 82' lang='lat' dir='ltr'>Inferni</span> <span class='ocrx_word' id='word_1_126' title='bbox 912 1109 1070 1154; x_wconf 89' lang='lat' dir='ltr'>capitulo</span> <span class='ocrx_word' id='word_1_127' title='bbox 1089 1111 1165 1155; x_wconf 85' lang='lat' dir='ltr'>XX,</span> <span class='ocrx_word' id='word_1_128' title='bbox 1185 1114 1221 1146; x_wconf 88' lang='lat' dir='ltr'>et</span> 
     </span>
     <span class='ocr_line' id='line_1_17' title="bbox 54 1169 1219 1214; baseline -0.002 -9"><span class='ocrx_word' id='word_1_129' title='bbox 54 1170 111 1206; x_wconf 90' lang='lat' dir='ltr'>hic</span> <span class='ocrx_word' id='word_1_130' title='bbox 137 1171 280 1205; x_wconf 75' lang='lat' dir='ltr'>videtur</span> <span class='ocrx_word' id='word_1_131' title='bbox 307 1174 414 1205; x_wconf 87' lang='lat' dir='ltr'>autor</span> <span class='ocrx_word' id='word_1_132' title='bbox 440 1170 688 1205; x_wconf 80' lang='lat' dir='ltr'>contradicere</span> <span class='ocrx_word' id='word_1_133' title='bbox 707 1169 783 1213; x_wconf 86' lang='lat' dir='ltr'>sibi,</span> <span class='ocrx_word' id='word_1_134' title='bbox 806 1169 867 1213; x_wconf 88' lang='lat' dir='ltr'>qui</span> <span class='ocrx_word' id='word_1_135' title='bbox 895 1169 1014 1214; x_wconf 88' lang='lat' dir='ltr'>posuit</span> <span class='ocrx_word' id='word_1_136' title='bbox 1040 1169 1145 1204; x_wconf 86' lang='lat' dir='ltr'>istam</span> <span class='ocrx_word' id='word_1_137' title='bbox 1172 1169 1219 1204; x_wconf 91' lang='lat' dir='ltr'>ibi</span> 
     </span>
     <span class='ocr_line' id='line_1_18' title="bbox 52 1228 1218 1275; baseline -0.002 -10"><span class='ocrx_word' id='word_1_138' title='bbox 52 1229 146 1265; x_wconf 87' lang='lat' dir='ltr'>inter</span> <span class='ocrx_word' id='word_1_139' title='bbox 172 1230 401 1273; x_wconf 83' lang='lat' dir='ltr'>divinatores,</span> <span class='ocrx_word' id='word_1_140' title='bbox 430 1240 526 1264; x_wconf 88' lang='lat' dir='ltr'>nunc</span> <span class='ocrx_word' id='word_1_141' title='bbox 553 1229 651 1275; x_wconf 89' lang='lat' dir='ltr'>ponit</span> <span class='ocrx_word' id='word_1_142' title='bbox 678 1239 759 1264; x_wconf 86' lang='lat' dir='ltr'>eam</span> <span class='ocrx_word' id='word_1_143' title='bbox 781 1228 873 1263; x_wconf 87' lang='lat' dir='ltr'>inter</span> <span class='ocrx_word' id='word_1_144' title='bbox 892 1228 1031 1264; x_wconf 87' lang='lat' dir='ltr'>animas</span> <span class='ocrx_word' id='word_1_145' title='bbox 1054 1229 1218 1274; x_wconf 70' lang='lat' dir='ltr'>piorum,</span> 
     </span>
     <span class='ocr_line' id='line_1_19' title="bbox 51 1287 1218 1335; baseline -0.002 -11"><span class='ocrx_word' id='word_1_146' title='bbox 51 1292 167 1335; x_wconf 86' lang='lat' dir='ltr'>potest</span> <span class='ocrx_word' id='word_1_147' title='bbox 193 1289 260 1324; x_wconf 82' lang='lat' dir='ltr'>dici</span> <span class='ocrx_word' id='word_1_148' title='bbox 283 1289 443 1324; x_wconf 69' lang='lat' dir='ltr'>breviter</span> <span class='ocrx_word' id='word_1_149' title='bbox 463 1288 559 1333; x_wconf 86' lang='lat' dir='ltr'>quod</span> <span class='ocrx_word' id='word_1_150' title='bbox 579 1288 634 1323; x_wconf 77' lang='lat' dir='ltr'>liic</span> <span class='ocrx_word' id='word_1_151' title='bbox 655 1298 725 1323; x_wconf 90' lang='lat' dir='ltr'>non</span> <span class='ocrx_word' id='word_1_152' title='bbox 746 1287 888 1333; x_wconf 87' lang='lat' dir='ltr'>respicit</span> <span class='ocrx_word' id='word_1_153' title='bbox 908 1287 953 1322; x_wconf 88' lang='lat' dir='ltr'>ad</span> <span class='ocrx_word' id='word_1_154' title='bbox 972 1287 1136 1333; x_wconf 85' lang='lat' dir='ltr'>limbum,</span> <span class='ocrx_word' id='word_1_155' title='bbox 1157 1288 1218 1323; x_wconf 86' lang='lat' dir='ltr'>sed</span> 
     </span>
     <span class='ocr_line' id='line_1_20' title="bbox 50 1347 1217 1393; baseline -0.002 -9"><span class='ocrx_word' id='word_1_156' title='bbox 50 1349 95 1384; x_wconf 89' lang='lat' dir='ltr'>ad</span> <span class='ocrx_word' id='word_1_157' title='bbox 130 1358 316 1383; x_wconf 85' lang='lat' dir='ltr'>carcerem</span> <span class='ocrx_word' id='word_1_158' title='bbox 353 1358 515 1382; x_wconf 56' lang='lat' dir='ltr'>czecum:</span> <span class='ocrx_word' id='word_1_159' title='bbox 551 1359 568 1382; x_wconf 84' lang='lat' dir='ltr'>e</span> <span class='ocrx_word' id='word_1_160' title='bbox 607 1349 692 1390; x_wconf 71' lang='lat' dir='ltr'>Tect,</span> <span class='ocrx_word' id='word_1_161' title='bbox 725 1358 807 1392; x_wconf 74' lang='lat' dir='ltr'>quae</span> <span class='ocrx_word' id='word_1_162' title='bbox 841 1347 905 1381; x_wconf 90' lang='lat' dir='ltr'>fuit</span> <span class='ocrx_word' id='word_1_163' title='bbox 941 1350 1059 1382; x_wconf 84' lang='lat' dir='ltr'>mater</span> <span class='ocrx_word' id='word_1_164' title='bbox 1095 1348 1217 1393; x_wconf 82' lang='lat' dir='ltr'>magni</span> 
     </span>
     <span class='ocr_line' id='line_1_21' title="bbox 52 1407 1221 1452; baseline -0.001 -10"><span class='ocrx_word' id='word_1_165' title='bbox 52 1408 204 1452; x_wconf 77' lang='lat' dir='ltr'>Achillis,</span> <span class='ocrx_word' id='word_1_166' title='bbox 232 1408 277 1442; x_wconf 87' lang='lat' dir='ltr'>de</span> <span class='ocrx_word' id='word_1_167' title='bbox 303 1418 375 1452; x_wconf 85' lang='lat' dir='ltr'>qua</span> <span class='ocrx_word' id='word_1_168' title='bbox 403 1407 508 1442; x_wconf 90' lang='lat' dir='ltr'>nimis</span> <span class='ocrx_word' id='word_1_169' title='bbox 531 1407 667 1442; x_wconf 86' lang='lat' dir='ltr'>dictum</span> <span class='ocrx_word' id='word_1_170' title='bbox 688 1410 740 1442; x_wconf 88' lang='lat' dir='ltr'>est</span> <span class='ocrx_word' id='word_1_171' title='bbox 759 1407 805 1442; x_wconf 92' lang='lat' dir='ltr'>lX</span> <span class='ocrx_word' id='word_1_172' title='bbox 825 1407 983 1452; x_wconf 87' lang='lat' dir='ltr'>capitulo</span> <span class='ocrx_word' id='word_1_173' title='bbox 1002 1407 1109 1441; x_wconf 91' lang='lat' dir='ltr'>huius</span> <span class='ocrx_word' id='word_1_174' title='bbox 1129 1408 1221 1442; x_wconf 87' lang='lat' dir='ltr'>Pur—</span> 
     </span>
     <span class='ocr_line' id='line_1_22' title="bbox 51 1466 1222 1513; baseline 0.001 -12"><span class='ocrx_word' id='word_1_175' title='bbox 51 1467 193 1513; x_wconf 84' lang='lat' dir='ltr'>gatorii,</span> <span class='ocrx_word' id='word_1_176' title='bbox 220 1478 237 1501; x_wconf 81' lang='lat' dir='ltr'>e</span> <span class='ocrx_word' id='word_1_177' title='bbox 269 1477 332 1501; x_wconf 80' lang='lat' dir='ltr'>con</span> <span class='ocrx_word' id='word_1_178' title='bbox 367 1468 396 1501; x_wconf 83' lang='lat' dir='ltr'>le</span> <span class='ocrx_word' id='word_1_179' title='bbox 427 1478 530 1501; x_wconf 75' lang='lat' dir='ltr'>suore</span> <span class='ocrx_word' id='word_1_180' title='bbox 561 1477 620 1501; x_wconf 75' lang='lat' dir='ltr'>sue</span> <span class='ocrx_word' id='word_1_181' title='bbox 645 1468 829 1501; x_wconf 70' lang='lat' dir='ltr'>Deidamia</span> <span class='ocrx_word' id='word_1_182' title='bbox 866 1476 960 1500; x_wconf 82' lang='lat' dir='ltr'>uxor</span> <span class='ocrx_word' id='word_1_183' title='bbox 995 1466 1149 1511; x_wconf 76' lang='lat' dir='ltr'>Achillis,</span> <span class='ocrx_word' id='word_1_184' title='bbox 1177 1466 1222 1502; x_wconf 88' lang='lat' dir='ltr'>de</span> 
     </span>
     <span class='ocr_line' id='line_1_23' title="bbox 52 1526 1221 1572; baseline 0 -11"><span class='ocrx_word' id='word_1_185' title='bbox 52 1537 123 1571; x_wconf 85' lang='lat' dir='ltr'>qua</span> <span class='ocrx_word' id='word_1_186' title='bbox 152 1530 187 1561; x_wconf 88' lang='lat' dir='ltr'>et</span> <span class='ocrx_word' id='word_1_187' title='bbox 215 1526 293 1561; x_wconf 88' lang='lat' dir='ltr'>eius</span> <span class='ocrx_word' id='word_1_188' title='bbox 317 1526 502 1561; x_wconf 87' lang='lat' dir='ltr'>sororibus</span> <span class='ocrx_word' id='word_1_189' title='bbox 521 1526 632 1561; x_wconf 87' lang='lat' dir='ltr'>habes</span> <span class='ocrx_word' id='word_1_190' title='bbox 651 1526 755 1571; x_wconf 86' lang='lat' dir='ltr'>plene</span> <span class='ocrx_word' id='word_1_191' title='bbox 773 1526 924 1572; x_wconf 84' lang='lat' dir='ltr'>praefato</span> <span class='ocrx_word' id='word_1_192' title='bbox 947 1526 1121 1571; x_wconf 72' lang='lat' dir='ltr'>capitulo,</span> <span class='ocrx_word' id='word_1_193' title='bbox 1140 1527 1221 1562; x_wconf 88' lang='lat' dir='ltr'>ideo</span> 
     </span>
     <span class='ocr_line' id='line_1_24' title="bbox 52 1580 286 1630; baseline 0 -10"><span class='ocrx_word' id='word_1_194' title='bbox 52 1586 136 1620; x_wconf 87' lang='lat' dir='ltr'>nihil</span> <span class='ocrx_word' id='word_1_195' title='bbox 164 1586 220 1621; x_wconf 82' lang='lat' dir='ltr'>liic</span> <span class='ocrx_word' id='word_1_196' title='bbox 238 1580 286 1630; x_wconf 63' lang='lat'>(4).</span> 
     </span>
    </p>

    <p class='ocr_par' dir='ltr' id='par_1_3' title="bbox 51 1645 1220 2105">
     <span class='ocr_line' id='line_1_25' title="bbox 131 1645 1220 1691; baseline 0.001 -11"><span class='ocrx_word' id='word_1_197' title='bbox 131 1647 327 1680; x_wconf 73' lang='lat' dir='ltr'>Tac-emnsi.</span> <span class='ocrx_word' id='word_1_198' title='bbox 356 1645 424 1679; x_wconf 82' lang='lat' dir='ltr'>Ista</span> <span class='ocrx_word' id='word_1_199' title='bbox 456 1649 510 1680; x_wconf 87' lang='lat' dir='ltr'>est</span> <span class='ocrx_word' id='word_1_200' title='bbox 541 1648 671 1690; x_wconf 88' lang='lat' dir='ltr'>quarta</span> <span class='ocrx_word' id='word_1_201' title='bbox 705 1648 740 1680; x_wconf 88' lang='lat' dir='ltr'>et</span> <span class='ocrx_word' id='word_1_202' title='bbox 777 1645 903 1680; x_wconf 89' lang='lat' dir='ltr'>ultima</span> <span class='ocrx_word' id='word_1_203' title='bbox 930 1656 1013 1690; x_wconf 86' lang='lat' dir='ltr'>pars</span> <span class='ocrx_word' id='word_1_204' title='bbox 1040 1646 1220 1691; x_wconf 82' lang='lat' dir='ltr'>generalis</span> 
     </span>
     <span class='ocr_line' id='line_1_26' title="bbox 51 1704 1217 1750; baseline -0.001 -10"><span class='ocrx_word' id='word_1_205' title='bbox 51 1705 153 1740; x_wconf 88' lang='lat' dir='ltr'>istius</span> <span class='ocrx_word' id='word_1_206' title='bbox 172 1705 297 1740; x_wconf 90' lang='lat' dir='ltr'>nobilis</span> <span class='ocrx_word' id='word_1_207' title='bbox 316 1704 472 1750; x_wconf 88' lang='lat' dir='ltr'>capituli,</span> <span class='ocrx_word' id='word_1_208' title='bbox 493 1714 564 1739; x_wconf 89' lang='lat' dir='ltr'>non</span> <span class='ocrx_word' id='word_1_209' title='bbox 588 1704 707 1738; x_wconf 89' lang='lat' dir='ltr'>minus</span> <span class='ocrx_word' id='word_1_210' title='bbox 726 1704 868 1739; x_wconf 90' lang='lat' dir='ltr'>curiosa</span> <span class='ocrx_word' id='word_1_211' title='bbox 888 1707 923 1740; x_wconf 93' lang='lat' dir='ltr'>et</span> <span class='ocrx_word' id='word_1_212' title='bbox 945 1704 1088 1750; x_wconf 89' lang='lat' dir='ltr'>copiosa</span> <span class='ocrx_word' id='word_1_213' title='bbox 1108 1716 1217 1750; x_wconf 84' lang='lat' dir='ltr'>quam</span> 
     </span>
     <span class='ocr_line' id='line_1_27' title="bbox 52 1760 1218 1810; baseline 0.001 -11"><span class='ocrx_word' id='word_1_214' title='bbox 52 1765 142 1809; x_wconf 84' lang='lat' dir='ltr'>aliae,</span> <span class='ocrx_word' id='word_1_215' title='bbox 162 1765 196 1799; x_wconf 92' lang='lat' dir='ltr'>in</span> <span class='ocrx_word' id='word_1_216' title='bbox 215 1775 287 1810; x_wconf 89' lang='lat' dir='ltr'>qua</span> <span class='ocrx_word' id='word_1_217' title='bbox 315 1768 420 1810; x_wconf 88' lang='lat' dir='ltr'>poeta</span> <span class='ocrx_word' id='word_1_218' title='bbox 436 1760 471 1807; x_wconf 44' lang='grc' dir='ltr'>ὅ)</span> <span class='ocrx_word' id='word_1_219' title='bbox 496 1763 606 1799; x_wconf 86' lang='lat' dir='ltr'>tendit</span> <span class='ocrx_word' id='word_1_220' title='bbox 633 1764 678 1799; x_wconf 87' lang='lat' dir='ltr'>ad</span> <span class='ocrx_word' id='word_1_221' title='bbox 705 1767 848 1799; x_wconf 83' lang='lat' dir='ltr'>sextum</span> <span class='ocrx_word' id='word_1_222' title='bbox 878 1764 1068 1809; x_wconf 88' lang='lat' dir='ltr'>circulum,</span> <span class='ocrx_word' id='word_1_223' title='bbox 1089 1764 1123 1799; x_wconf 95' lang='lat' dir='ltr'>in</span> <span class='ocrx_word' id='word_1_224' title='bbox 1145 1775 1218 1809; x_wconf 93' lang='lat' dir='ltr'>quo</span> 
     </span>
     <span class='ocr_line' id='line_1_28' title="bbox 53 1823 1217 1870; baseline -0.001 -11"><span class='ocrx_word' id='word_1_225' title='bbox 53 1824 202 1870; x_wconf 85' lang='lat' dir='ltr'>punitur</span> <span class='ocrx_word' id='word_1_226' title='bbox 228 1825 337 1870; x_wconf 75' lang='lat' dir='ltr'>gu1a3</span> <span class='ocrx_word' id='word_1_227' title='bbox 365 1827 400 1859; x_wconf 88' lang='lat' dir='ltr'>et</span> <span class='ocrx_word' id='word_1_228' title='bbox 427 1823 544 1869; x_wconf 89' lang='lat' dir='ltr'>primo</span> <span class='ocrx_word' id='word_1_229' title='bbox 571 1823 784 1858; x_wconf 86' lang='lat' dir='ltr'>continuans</span> <span class='ocrx_word' id='word_1_230' title='bbox 816 1827 956 1869; x_wconf 85' lang='lat' dir='ltr'>partem</span> <span class='ocrx_word' id='word_1_231' title='bbox 985 1824 1086 1869; x_wconf 84' lang='lat' dir='ltr'>parti,</span> <span class='ocrx_word' id='word_1_232' title='bbox 1114 1824 1217 1859; x_wconf 87' lang='lat' dir='ltr'>dicit:</span> 
     </span>
     <span class='ocr_line' id='line_1_29' title="bbox 58 1878 1219 1928; baseline -0.001 -10"><span class='ocrx_word' id='word_1_233' title='bbox 58 1885 246 1918; x_wconf 69' lang='lat' dir='ltr'>Tacevanst</span> <span class='ocrx_word' id='word_1_234' title='bbox 269 1878 327 1926; x_wconf 68' lang='grc' dir='ltr'>9ῖά</span> <span class='ocrx_word' id='word_1_235' title='bbox 350 1883 501 1916; x_wconf 63' lang='lat' dir='ltr'>ambiam·</span> <span class='ocrx_word' id='word_1_236' title='bbox 527 1884 550 1916; x_wconf 74' lang='lat' dir='ltr'>Ii</span> <span class='ocrx_word' id='word_1_237' title='bbox 572 1884 674 1926; x_wconf 71' lang='lat' dir='ltr'>poeti,</span> <span class='ocrx_word' id='word_1_238' title='bbox 704 1883 803 1927; x_wconf 90' lang='lat' dir='ltr'>idest,</span> <span class='ocrx_word' id='word_1_239' title='bbox 818 1883 895 1928; x_wconf 78' lang='lat' dir='ltr'>Jam</span> <span class='ocrx_word' id='word_1_240' title='bbox 924 1883 1083 1918; x_wconf 85' lang='lat' dir='ltr'>fecerant</span> <span class='ocrx_word' id='word_1_241' title='bbox 1110 1883 1219 1918; x_wconf 85' lang='lat' dir='ltr'>finem</span> 
     </span>
     <span class='ocr_line' id='line_1_30' title="bbox 53 1941 1218 1987; baseline 0 -9"><span class='ocrx_word' id='word_1_242' title='bbox 53 1943 160 1978; x_wconf 92' lang='lat' dir='ltr'>nobili</span> <span class='ocrx_word' id='word_1_243' title='bbox 194 1942 365 1986; x_wconf 84' lang='lat' dir='ltr'>sermoni,</span> <span class='ocrx_word' id='word_1_244' title='bbox 393 1942 427 1976; x_wconf 91' lang='lat' dir='ltr'>in</span> <span class='ocrx_word' id='word_1_245' title='bbox 462 1952 535 1987; x_wconf 88' lang='lat' dir='ltr'>quo</span> <span class='ocrx_word' id='word_1_246' title='bbox 569 1945 620 1976; x_wconf 90' lang='lat' dir='ltr'>tot</span> <span class='ocrx_word' id='word_1_247' title='bbox 652 1941 776 1986; x_wconf 85' lang='lat' dir='ltr'>pulcra</span> <span class='ocrx_word' id='word_1_248' title='bbox 807 1945 843 1976; x_wconf 87' lang='lat' dir='ltr'>et</span> <span class='ocrx_word' id='word_1_249' title='bbox 869 1941 1028 1987; x_wconf 87' lang='lat' dir='ltr'>jocunda</span> <span class='ocrx_word' id='word_1_250' title='bbox 1066 1942 1218 1978; x_wconf 78' lang='lat' dir='ltr'>invicem</span> 
     </span>
     <span class='ocr_line' id='line_1_31' title="bbox 52 2002 1219 2046; baseline -0.001 -9"><span class='ocrx_word' id='word_1_251' title='bbox 52 2005 351 2046; x_wconf 72' lang='lat' dir='ltr'>retractaverunt,</span> <span class='ocrx_word' id='word_1_252' title='bbox 377 2003 412 2036; x_wconf 65' lang='lat' dir='ltr'>cle?</span> <span class='ocrx_word' id='word_1_253' title='bbox 431 2011 543 2035; x_wconf 73' lang='lat' dir='ltr'>nuovo</span> <span class='ocrx_word' id='word_1_254' title='bbox 561 2003 678 2035; x_wconf 75' lang='lat' dir='ltr'>attenti</span> <span class='ocrx_word' id='word_1_255' title='bbox 695 2011 716 2034; x_wconf 83' lang='lat' dir='ltr'>a</span> <span class='ocrx_word' id='word_1_256' title='bbox 735 2002 930 2044; x_wconf 62' lang='lat' dir='ltr'>riman-&lt;tar</span> <span class='ocrx_word' id='word_1_257' title='bbox 952 2002 1104 2045; x_wconf 73' lang='lat' dir='ltr'>intorno,</span> <span class='ocrx_word' id='word_1_258' title='bbox 1123 2002 1219 2037; x_wconf 86' lang='lat' dir='ltr'>circa</span> 
     </span>
     <span class='ocr_line' id='line_1_32' title="bbox 52 2059 1219 2105; baseline -0.002 -8"><span class='ocrx_word' id='word_1_259' title='bbox 52 2072 184 2097; x_wconf 85' lang='lat' dir='ltr'>novam</span> <span class='ocrx_word' id='word_1_260' title='bbox 212 2061 415 2104; x_wconf 87' lang='lat' dir='ltr'>materiam,</span> <span class='ocrx_word' id='word_1_261' title='bbox 445 2064 570 2105; x_wconf 74' lang='lat' dir='ltr'>poctae,</span> <span class='ocrx_word' id='word_1_262' title='bbox 599 2059 688 2104; x_wconf 85' lang='lat' dir='ltr'>dico,</span> <span class='ocrx_word' id='word_1_263' title='bbox 717 2061 814 2095; x_wconf 62' lang='lat' dir='ltr'>tiberi</span> <span class='ocrx_word' id='word_1_264' title='bbox 840 2062 901 2095; x_wconf 68' lang='lat' dir='ltr'>dat</span> <span class='ocrx_word' id='word_1_265' title='bbox 924 2063 1012 2095; x_wconf 69' lang='lat' dir='ltr'>satir</span> <span class='ocrx_word' id='word_1_266' title='bbox 1034 2073 1051 2096; x_wconf 81' lang='lat' dir='ltr'>e</span> <span class='ocrx_word' id='word_1_267' title='bbox 1073 2063 1133 2096; x_wconf 77' lang='lat' dir='ltr'>dat</span> <span class='ocrx_word' id='word_1_268' title='bbox 1150 2072 1219 2105; x_wconf 76' lang='lat' dir='ltr'>pa-</span> 
     </span>
    </p>
   </div>
   <div class='ocr_carea' id='block_1_3' title="bbox 54 2134 1218 2141">
    <p class='ocr_par' dir='ltr' id='par_1_4' title="bbox 54 2134 1218 2141">
     <span class='ocr_line' id='line_1_33' title="bbox 54 2134 1218 2141; baseline 0 0"><span class='ocrx_word' id='word_1_269' title='bbox 54 2134 1218 2141; x_wconf 95' lang='lat' dir='ltr'> </span> 
     </span>
    </p>
   </div>
   <div class='ocr_carea' id='block_1_4' title="bbox 114 2172 1097 2280">
    <p class='ocr_par' dir='ltr' id='par_1_5' title="bbox 114 2172 1097 2280">
     <span class='ocr_line' id='line_1_34' title="bbox 114 2172 1018 2204; baseline -0.001 -7"><span class='ocrx_word' id='word_1_270' title='bbox 114 2175 140 2204; x_wconf 86' lang='lat'>(¹)</span> <span class='ocrx_word' id='word_1_271' title='bbox 158 2175 187 2198; x_wconf 87' lang='lat' dir='ltr'>E.</span> <span class='ocrx_word' id='word_1_272' title='bbox 205 2175 294 2197; x_wconf 79' lang='lat' dir='ltr'>matris</span> <span class='ocrx_word' id='word_1_273' title='bbox 311 2181 370 2202; x_wconf 71' lang='lat' dir='ltr'>sum,</span> <span class='ocrx_word' id='word_1_274' title='bbox 389 2176 513 2197; x_wconf 77' lang='lat' dir='ltr'>mutuam.</span> <span class='ocrx_word' id='word_1_275' title='bbox 717 2172 745 2202; x_wconf 57' lang='grc' dir='ltr'>(Ξ)</span> <span class='ocrx_word' id='word_1_276' title='bbox 764 2175 816 2201; x_wconf 83' lang='lat'>117,</span> <span class='ocrx_word' id='word_1_277' title='bbox 835 2173 1018 2203; x_wconf 82' lang='lat' dir='ltr'>spectaculum.</span> 
     </span>
     <span class='ocr_line' id='line_1_35' title="bbox 114 2211 1097 2242; baseline -0.002 -6"><span class='ocrx_word' id='word_1_278' title='bbox 114 2212 139 2242; x_wconf 57' lang='grc' dir='ltr'>(Ὃ</span> <span class='ocrx_word' id='word_1_279' title='bbox 158 2213 186 2236; x_wconf 79' lang='grc' dir='ltr'>Ε.</span> <span class='ocrx_word' id='word_1_280' title='bbox 205 2213 322 2236; x_wconf 54' lang='lat' dir='ltr'>Lemnos</span> <span class='ocrx_word' id='word_1_281' title='bbox 720 2212 745 2241; x_wconf 45' lang='grc' dir='ltr'>ᾗ)</span> <span class='ocrx_word' id='word_1_282' title='bbox 763 2212 791 2235; x_wconf 84' lang='grc' dir='ltr'>Ε.</span> <span class='ocrx_word' id='word_1_283' title='bbox 809 2212 849 2235; x_wconf 90' lang='lat' dir='ltr'>hic</span> <span class='ocrx_word' id='word_1_284' title='bbox 867 2212 897 2235; x_wconf 88' lang='lat' dir='ltr'>de</span> <span class='ocrx_word' id='word_1_285' title='bbox 915 2212 972 2242; x_wconf 84' lang='lat' dir='ltr'>ipsis</span> <span class='ocrx_word' id='word_1_286' title='bbox 989 2211 1097 2235; x_wconf 80' lang='lat' dir='ltr'>dicetur.</span> 
     </span>
     <span class='ocr_line' id='line_1_36' title="bbox 115 2250 488 2280; baseline -0.003 -6"><span class='ocrx_word' id='word_1_287' title='bbox 115 2250 141 2279; x_wconf 84' lang='lat'>(¹)</span> <span class='ocrx_word' id='word_1_288' title='bbox 159 2250 188 2274; x_wconf 84' lang='lat' dir='ltr'>E.</span> <span class='ocrx_word' id='word_1_289' title='bbox 205 2253 278 2280; x_wconf 76' lang='lat' dir='ltr'>poeta</span> <span class='ocrx_word' id='word_1_290' title='bbox 297 2253 383 2274; x_wconf 78' lang='lat' dir='ltr'>noster</span> <span class='ocrx_word' id='word_1_291' title='bbox 400 2250 488 2273; x_wconf 77' lang='lat' dir='ltr'>tendit.</span> 
     </span>
    </p>
   </div>
  </div>
 </body>
</html>
