1737 2836
504 224 640 249 CANTL‘s
667 223 809 248 Pmm's.
1173 216 1241 247 297

74 296 204 331 lorum.
222 295 414 331 paradisus
428 299 551 331 autem
569 296 766 331 essentialis
785 299 838 331 est
857 295 931 341 ipse
950 295 1050 330 locus
1065 295 1126 329 ubi
1144 295 1241 330 Deus

73 356 225 391 ostendit
253 366 290 391 se
310 356 628 401 contemplandum
653 355 893 402 intelligentiis
916 354 1090 400 separatis
1111 358 1146 390 et
1165 354 1244 389 ani—

72 415 201 450 mabus
228 415 352 460 beatis,
383 415 444 460 qui
481 415 581 450 locus
617 416 753 450 coelum
783 425 1001 461 empyreum
1030 414 1241 460 appellatur.

151 477 180 509 Ο
205 475 318 509 buono
345 476 478 519 Apollo.
507 474 590 509 Haec
618 477 669 509 est
698 474 856 509 secunda
885 485 968 519 pars
994 474 1175 520 generalis
1210 473 1245 508 in

74 544 146 579 qua
174 538 280 580 poeta
307 535 440 569 Dantes
473 534 555 569 facit
586 544 691 569 suam
724 534 1003 578 invocationem,
1035 537 1071 569 et
1101 534 1245 568 invocat

73 593 117 629 de
144 605 248 630 more
284 594 424 640 poetico
459 594 659 639 Apollinem
694 593 803 629 deum
822 591 857 637 (¹)
894 596 1098 639 poetarum,
1133 593 1242 629 deum

73 654 269 699 sapientiae,
290 664 399 699 quem
423 654 516 689 hene
539 657 643 689 vocat
665 653 814 688 bonum.
835 653 961 699 Apollo
982 654 1078 688 enim
1099 657 1151 688 est
1170 654 1244 699 ipse

72 714 136 758 sol,
165 714 209 748 de
237 724 310 758 quo
338 714 431 749 bene
458 713 595 748 Tullius
623 713 657 748 in
684 713 775 748 libro
794 713 838 749 de
862 713 1046 759 republica
1073 713 1172 758 dicit,
1192 713 1243 748 sol

73 773 158 818 dux,
187 773 353 818 princeps
380 777 415 808 ct
444 773 653 808 moderator
672 773 852 807 luminum
873 773 1113 818 reliquorum,
1142 783 1244 808 mens

73 832 198 867 mundi
227 836 261 868 et
289 833 504 878 temperatio
532 836 616 868 tota.
646 832 745 867 Unde
771 833 950 878 Orpheus,
985 835 1025 867 ut
1055 832 1137 868 dicit
1170 833 1245 868 Ma-

76 892 232 937 crobius,
253 896 357 928 vocat
382 893 498 938 ipsum
528 893 611 927 boni
631 892 766 927 consilii
786 893 916 937 Deum,
936 892 1021 937 quia
1039 892 1085 927 ab
1104 903 1147 928 eo
1166 903 1245 928 ma-

77 956 135 987 nat
165 952 380 998 principium
409 952 642 998 intelligendi,
671 952 774 987 cuius
807 951 1042 997 multiplicem
1072 952 1244 987 virtutem

76 1012 213 1047 extollit
253 1012 387 1047 Plinius
427 1012 544 1057 primo
584 1012 759 1047 naturalis
799 1011 968 1057 historiae,
1009 1012 1153 1047 dicens:
1194 1012 1247 1047 sol

75 1072 216 1107 medius
243 1072 463 1117 amplissima
491 1072 740 1118 magnitudine
767 1075 801 1107 et
828 1075 1004 1117 potestate
1032 1083 1103 1108 non
1127 1073 1244 1108 solum

76 1135 276 1176 terrarum,
303 1131 364 1167 sed
399 1131 559 1177 ipsarum
589 1132 775 1167 stellarum
808 1135 843 1167 et
874 1133 955 1167 coeli
984 1136 1121 1177 rector;
1150 1134 1246 1168 hunc

76 1191 179 1227 decet
196 1187 229 1235 (ἢ
269 1191 420 1227 credere
455 1202 534 1227 esse
569 1192 734 1226 animum
770 1195 806 1226 et
838 1196 999 1227 mentem
1036 1192 1172 1237 mundi,
1210 1197 1245 1228 et

72 1251 268 1297 principale
289 1251 453 1297 regimen
473 1256 508 1286 et
526 1251 635 1287 deum
656 1255 815 1295 natum,
835 1251 891 1286 hic
907 1251 1025 1287 lucem
1048 1252 1157 1287 rebus
1177 1252 1244 1287 mi—

73 1311 211 1356 nistrat,
233 1315 267 1346 et
286 1312 407 1346 aufert
425 1311 605 1356 tenebras,
626 1311 682 1346 liic
703 1311 842 1356 reliqua
860 1310 978 1346 sidera
997 1311 1164 1356 occultat,
1189 1311 1243 1347 hic

74 1371 170 1407 vices
197 1374 405 1416 temporum
434 1375 469 1406 et
496 1382 633 1405 annum
662 1381 806 1416 semper
834 1374 1085 1406 renascentem
1109 1382 1152 1407 ex
1174 1382 1243 1406 usu

73 1434 215 1466 natura}
242 1434 441 1476 temperat;
469 1431 525 1466 hic
551 1431 631 1466 coeli
661 1430 837 1465 tristitiam
864 1435 1041 1475 removet,
1064 1435 1099 1466 et
1122 1431 1244 1466 nubila

72 1490 222 1525 humani
249 1491 359 1526 animi
387 1491 495 1526 etiam
531 1493 692 1535 serenat,
729 1490 785 1525 hic
812 1501 920 1525 suum
949 1491 1073 1526 lumen
1105 1491 1245 1528 caeteris

70 1549 248 1585 sideribus
270 1550 390 1595 donat,
410 1551 621 1596 praeclarus,
641 1550 796 1585 eximius
820 1550 943 1586 omnia
962 1550 1087 1586 videns
1106 1554 1172 1586 etc.
1192 1550 1244 1586 Ad

70 1609 212 1644 literam
233 1620 341 1655 ergo5
361 1613 467 1655 poeta
483 1604 518 1653 ὃ)
538 1609 625 1655 petit
643 1609 799 1655 gratiam
823 1613 858 1644 et
881 1610 1044 1645 savorem
1063 1611 1244 1656 Apollinis,

71 1668 216 1704 dicens:
245 1668 300 1704 sac
328 1679 388 1704 me
415 1669 462 1704 ita
490 1669 683 1714 valentem,
714 1673 752 1704 ut
779 1669 886 1716 digne
913 1670 1045 1716 possim
1070 1681 1242 1706 coronam

72 1728 236 1763 lauream
253 1728 467 1773 promereri.
488 1728 667 1763 Constrne
685 1729 734 1764 sic
754 1729 916 1765 literam:
937 1732 966 1765 O
980 1730 1092 1765 buono
1107 1732 1244 1775 Apollo,

72 1788 196 1833 Apollo
210 1788 340 1823 dicitur
356 1788 457 1833 quasi
474 1788 549 1823 sine
564 1789 772 1834 pollutione,
789 1789 865 1825 sine
884 1790 1044 1835 macula5
1060 1800 1131 1825 non
1146 1790 1241 1825 enim

72 1847 181 1883 habet
196 1848 231 1882 in
246 1858 285 1883 se
301 1848 469 1883 umbram
487 1848 578 1884 sicut
592 1859 696 1884 soror
711 1860 777 1884 sua
792 1850 893 1884 luna:
907 1850 964 1885 vel
978 1850 1109 1884 dicitur
1120 1850 1243 1895 Apollo

74 1907 176 1952 quasi
209 1908 455 1943 exterminans
487 1918 596 1943 omne
628 1909 778 1953 malum,
812 1919 921 1944 omne
949 1910 1176 1955 superfluum
1208 1914 1243 1945 et

73 1967 255 2011 nocivum,
276 1963 443 2011 sementis}
467 1970 554 2012 fallo
580 1978 677 2011 mse,
698 1967 798 2012 idest,
828 1968 881 2003 fac
910 1978 968 2003 me
997 1969 1043 2004 ita
1071 1979 1240 2014 capacem

73 2037 176 2062 more
203 2027 295 2062 vasis
322 2027 538 2062 continentis
566 2028 745 2072 liquorem
774 2028 953 2073 optimum
981 2028 1142 2073 balsami,
1171 2029 1241 2064 vini

73 2087 129 2122 vel
148 2087 228 2131 olei,
249 2088 305 2122 del
328 2091 384 2122 lm)
404 2089 537 2131 valore,
560 2087 661 2132 idest,
684 2087 827 2122 virtutis
853 2092 888 2123 et
909 2088 1105 2134 sapientiae,
1124 2091 1243 2124 all'ul-

73 2148 152 2181 limo
179 2148 316 2190 Ιαυονο,
345 2147 445 2192 idest,
474 2147 557 2182 huic
585 2147 691 2182 tertio
718 2148 818 2193 operi
846 2148 1027 2183 laborioso
1063 2152 1098 2184 et
1131 2148 1243 2184 artifi-

245 2250 303 2266 eum
322 2244 450 2273 sapientiae
468 2246 493 2266 et
512 2247 655 2273 poetarum,
674 2250 760 2274 quern.
956 2245 981 2273 (¹)
1000 2248 1021 2274 4,
1040 2245 1122 2269 docet.

180 2243 209 2266 Ε.
227 2243 242 2266 d

179 2283 200 2309 4,
220 2281 248 2303 E.
265 2288 278 2304 e
297 2281 321 2304 S.
341 2285 413 2311 poeta
431 2282 455 2304 in
473 2281 566 2305 elli-ctu
586 2282 656 2311 petit.

134 2243 160 2271 (¹)

136 2280 161 2311 (⁸)
