1737 2836
518 219 656 245 CANTUS
682 219 824 245 SEXTUS.
1188 212 1256 244 437

80 292 170 327 saris
196 291 251 326 vir
278 291 552 327 strenuissimus
571 291 654 326 vicit
681 294 717 327 et
743 291 881 327 occidit.
907 291 976 326 Sed
995 291 1116 327 Caesar
1134 301 1200 337 per
1218 301 1258 327 se

79 355 115 387 et
142 362 228 387 suos
255 352 371 387 victor
398 361 484 386 cum
514 361 646 397 magna
673 351 790 398 gloria
825 351 966 386 romani
1001 351 1155 386 nominis
1190 351 1257 387 ite-

80 423 163 447 rum
192 412 356 447 transivit
384 411 419 446 in
446 411 681 447 Germaniam
702 415 827 446 contra
849 411 989 447 Suevos
1008 411 1142 447 iterum
1163 411 1256 447 sacto

78 476 206 518 ponte:
234 472 296 507 sed
315 472 385 507 cito
411 481 592 515 reversus,
613 471 812 516 composita
835 471 960 516 Gallia,
984 472 1113 507 redivit
1133 472 1167 506 in
1187 472 1258 508 lta-

79 533 185 578 liamg
214 537 249 569 et
267 532 412 568 interim
429 528 465 576 (¹)
486 532 589 577 quasi
609 541 703 566 nova
724 531 873 566 rebellio
894 532 1001 567 totius
1021 532 1144 567 Galliae
1164 532 1255 568 facta

80 597 134 629 est
159 593 254 628 duce
279 591 603 638 Vercingentorige
630 591 887 636 Alvernorum,
917 591 978 637 qui
1001 592 1147 637 juvenis
1178 596 1257 628 erat

78 652 350 699 potentissimus
376 662 543 697 corpore,
566 651 691 695 armis,
711 651 844 696 animo,
865 655 899 687 et
918 651 994 697 ipso
1015 651 1162 687 nomine
1182 656 1256 687 ter-

80 713 229 757 ribilius,
249 722 334 747 cum
356 722 429 757 quo
449 711 600 746 suerunt
622 711 758 755 Parisii,
778 711 951 756 Senones,
975 711 1156 757 Pithones,
1184 712 1256 746 Tu—

80 783 199 817 roneS,
227 772 451 817 Lemovices,
474 771 666 818 BiturigeS,
689 771 846 806 Rutheni
875 775 910 806 et
936 772 1015 816 alii,
1044 772 1106 807 sed
1134 772 1255 808 Caesar

79 843 125 869 ex
152 833 253 868 Italia
288 843 460 868 reversus
487 832 656 867 celeriter
683 831 718 866 in
745 831 898 866 Galliam
932 832 1030 867 venit
1062 832 1096 866 in
1128 832 1255 867 Alver-

80 894 198 938 niam,
227 896 263 928 et
299 896 378 938 post
406 893 539 928 multas
573 892 744 928 victorias
777 892 922 927 tandem
952 892 1254 939 Vercingentorix

80 953 204 989 volens
232 956 267 989 et
295 952 488 988 consulens
514 952 620 987 datus
647 955 700 987 est
727 952 871 997 Caesari,
893 952 953 998 qui
977 953 1193 998 provolutus
1211 953 1257 989 ad

78 1024 201 1060 genua
228 1013 397 1060 proiectis
416 1013 528 1048 armis
546 1013 650 1047 dixit:
680 1013 801 1047 virum
831 1013 960 1048 sortem
990 1013 1183 1048 fortissime
1204 1013 1257 1048 vi—

79 1074 167 1109 cisti.
197 1074 238 1108 Et
266 1073 394 1108 ultimo
420 1073 541 1108 Caesar
568 1072 733 1107 omnium
764 1073 878 1108 victor
912 1073 946 1107 in
981 1083 1112 1108 novem
1141 1073 1255 1119 annis,

79 1133 220 1169 decimo
256 1143 352 1168 anno
385 1136 498 1168 totam
526 1133 679 1168 Galliam
713 1133 972 1178 transalpinam
1001 1133 1191 1178 ordiiiaxit,
1220 1137 1256 1169 et

80 1193 228 1229 veniens
255 1193 290 1228 in
317 1193 455 1229 Italiam
484 1193 635 1228 Galliam
664 1193 873 1238 cisalpinam
902 1193 936 1227 in
967 1193 1035 1229 [ide
1062 1197 1097 1228 et
1128 1204 1256 1229 amore

79 1264 147 1289 suo
174 1253 420 1297 confirmavit3
449 1257 484 1289 et
513 1254 647 1288 iterum
677 1263 848 1288 reversus
876 1253 909 1288 in
932 1253 1084 1289 Galliam
1104 1264 1257 1300 suspen-

79 1324 140 1349 sus
167 1313 382 1359 expectabat
410 1313 585 1358 quidquid
614 1313 739 1348 Romae
767 1317 952 1360 ageretur,
967 1314 1043 1359 Jam
1068 1315 1173 1359 quasi
1200 1315 1254 1349 di-

79 1375 205 1409 vinans
238 1374 342 1409 civile
369 1373 517 1409 bellum.
552 1373 612 1408 His
645 1374 840 1419 praemissis
877 1384 973 1409 nunc
1006 1378 1179 1410 construe
1206 1375 1256 1411 sic

80 1435 242 1470 literam:
263 1434 486 1469 Justinianus
505 1434 713 1469 describens
727 1433 878 1469 Galliam
899 1445 920 1469 a
940 1435 1148 1470 [luminibus
1170 1435 1255 1480 suis,

79 1495 181 1530 dicit:
210 1497 326 1529 Isara.
356 1494 419 1529 Hic
446 1494 579 1529 fluvius
599 1494 760 1529 nascitur
787 1503 832 1529 ex
859 1494 939 1540 alpe
962 1495 1034 1530 alta
1056 1495 1150 1530 inter
1171 1495 1256 1530 Gal—

78 1555 164 1590 liam
193 1558 228 1590 et
254 1554 404 1598 Italiam,
433 1557 469 1589 et
495 1554 696 1589 decurrens
723 1564 787 1599 per
813 1564 999 1590 amoenam
1033 1555 1164 1591 vallem
1192 1566 1256 1601 per

80 1615 214 1650 multas
241 1618 370 1659 terras,
393 1613 538 1649 tandem
569 1624 724 1660 magnus
752 1614 846 1649 cadit
873 1614 907 1649 in
935 1614 1165 1660 Rhodanum,
1195 1615 1256 1650 ubi

80 1675 212 1710 Marius
234 1674 442 1710 terribiliter
462 1674 546 1709 vicit
560 1673 737 1719 Cimbros,
754 1674 847 1709 sicut
869 1678 985 1709 totum
1003 1675 1071 1710 vidi
1085 1687 1093 1720 ς
1109 1676 1152 1710 ed
1165 1678 1253 1720 Era,

79 1735 172 1770 alius
199 1734 332 1769 fluvius
359 1734 491 1769 cadens
522 1733 686 1769 similiter
718 1734 753 1768 in
781 1734 1010 1779 Rhodanum,
1039 1745 1149 1780 quem
1185 1746 1256 1770 non

81 1794 164 1839 vidi,
191 1795 267 1829 risle
293 1794 371 1837 quel
390 1794 447 1827 che
466 1796 513 1837 se,
536 1793 623 1828 illud
650 1793 795 1840 signum
824 1794 966 1839 aqnilae,
989 1795 1036 1829 cla
1064 1797 1179 1839 Varo,-
1199 1795 1255 1830 hic

80 1857 135 1890 est
161 1853 293 1888 fluvius
320 1852 405 1887 satis
432 1862 588 1898 magnus
615 1852 650 1887 in
677 1853 833 1888 confinio
853 1853 962 1888 Italiae
989 1854 1082 1889 inter
1111 1854 1256 1889 territo-

82 1914 177 1949 rium
201 1913 438 1960 Januensium
467 1916 502 1948 et
530 1913 766 1958 provinciam,
786 1915 894 1957 infimo
917 1904 954 1948 al
971 1917 1088 1958 Reno,·
1108 1915 1256 1950 Rhenus

81 1977 134 2009 est
153 1973 285 2008 fluvius
305 1972 488 2007 maximus
503 1968 551 2017 (ᾖ),
569 1972 629 2017 qui
650 1972 734 2007 olim
755 1972 936 2008 dividebat
954 1974 1105 2008 Galliam
1126 1985 1147 2009 a
1165 1975 1257 2010 Ger-

82 2033 213 2078 mania,
234 2032 294 2077 qui
318 2032 507 2068 dicebatur
536 2042 665 2066 murus
694 2032 834 2067 romani
855 2032 995 2078 imperii
1016 2037 1142 2069 contra
1173 2035 1256 2070 bar-

81 2094 189 2129 baras
211 2093 386 2136 nationes,
406 2096 605 2137 antequam
633 2092 755 2127 Caesar
782 2092 899 2138 ipsum
930 2093 1115 2138 transiret3
1145 2098 1180 2130 et
1207 2096 1256 2131 sic

81 2153 163 2188 vide
190 2152 287 2198 quod
313 2152 426 2188 Gallia
455 2155 533 2188 erat
560 2152 645 2187 olim
676 2152 792 2187 maior
819 2163 929 2198 quam
960 2164 1057 2189 nunc
1084 2154 1139 2199 sit,
1169 2156 1253 2200 quia

145 2285 170 2313 (')
188 2284 217 2307 E,
234 2290 248 2307 e
266 2286 287 2312 4,
306 2284 410 2307 iterum.
664 2283 690 2312 ζ’)
710 2285 730 2312 4,
749 2283 809 2307 satis
826 2290 942 2314 magnus.
