1737 2836
517 187 655 214 CANTUS
680 187 850 214 OCTAVUS.
1210 182 1275 213 501

99 271 189 296 seme
196 273 210 305 ;
225 260 395 306 quamvis
414 260 510 296 enim
530 260 666 296 fuerint
683 259 847 306 concepti
868 269 914 295 ex
933 258 1062 295 eodem
1082 263 1280 305 spermate,

103 324 226 357 tamen
254 321 404 357 suerunt
433 321 500 356 sibi
532 320 704 356 contrarii
731 323 930 365 antequam
958 323 1206 365 nascerentur,
1243 323 1282 356 ut

101 385 199 428 patet
226 382 356 417 ultimo
374 381 532 427 capitulo
560 380 669 416 liuius
695 380 797 425 libri3
825 384 861 415 et
887 380 963 415 sola
983 379 1136 415 variatio
1154 380 1276 416 zenith

100 445 217 488 potest
244 452 324 477 esse
351 451 461 477 causa
495 444 604 476 tantae
635 439 862 476 diversitatis.
898 439 1069 476 Similiter
1095 440 1277 476 Romulus

101 506 137 538 et
164 502 301 537 Remus
337 501 487 536 fuerunt
520 500 651 535 fratres
678 499 836 546 gemelli,
865 499 975 535 ambo
1002 499 1070 534 viri
1102 500 1215 536 fortes
1241 503 1278 536 et

101 562 252 607 strenui,
287 565 323 597 et
351 561 532 607 praecipue
564 560 743 595 Romulus
776 559 1032 606 magnanimus
1066 563 1102 595 et
1135 559 1277 606 magni-

103 622 204 667 ficus,
234 632 297 657 rex
335 621 449 657 victor
486 631 630 667 regum,
663 620 757 655 sicut
790 619 926 655 dictum
955 623 1008 655 est
1041 630 1151 665 supra
1179 620 1276 666 capi-

102 682 178 717 tulo
206 681 261 726 Vi,
288 684 323 716 et
350 684 473 716 tamen
502 680 574 716 nati
602 683 686 715 sunt
713 690 757 715 ex
787 683 861 714 tam
889 679 949 714 vili
976 682 1080 725 patre
1108 679 1206 724 quod
1234 680 1279 714 ad

101 741 290 778 celandam
319 741 504 776 infamiam
541 740 657 786 turpis
691 739 860 776 adulterii
886 740 1024 774 dictum
1051 743 1105 775 est
1132 743 1167 775 et
1197 749 1279 775 cre-

103 802 218 838 ditum
240 802 362 848 vulgo,
386 801 483 846 quod
510 804 616 836 erant
642 800 702 835 filii
731 800 967 846 potentissimi
986 797 1020 844 U)
1040 799 1116 844 Dei,
1146 799 1280 836 scilicet

102 863 232 898 Martis.
269 862 359 898 Dicit
393 872 505 908 ergo:
542 873 559 896 e
594 863 668 896 vien
699 863 857 905 Qm‘rino,
884 860 984 905 idest,
1014 860 1194 895 Romulus
1227 860 1277 896 sic

101 923 216 958 dictus
244 922 329 968 quia
349 923 511 957 hastatus
539 921 677 957 solebat
704 921 893 966 incedere3
915 931 998 956 nam
1023 920 1136 966 quiris
1155 920 1191 954 in
1210 920 1278 955 lin-

100 994 173 1029 gua
201 982 327 1018 sabina
357 982 453 1017 idem
480 984 534 1017 est
561 981 658 1026 quod
692 981 817 1025 hasta;
852 982 900 1015 cla
925 976 953 1015 si
982 981 1028 1015 vil
1049 981 1178 1024 padre,
1210 980 1279 1015 sci—

102 1043 182 1078 licet
209 1053 253 1078 ex
282 1042 471 1077 sacerdote
505 1042 577 1086 vili,
612 1041 739 1086 otioso⁷
774 1041 836 1076 ubi
871 1041 1050 1076 Romulus
1085 1040 1151 1075 suit
1179 1040 1280 1075 belli-

101 1113 219 1147 cosus,
247 1102 442 1147 inquietus,
470 1103 529 1137 che
555 1092 717 1137 st‘remle
743 1112 766 1136 α
794 1104 929 1146 ,lIarce5
957 1101 1019 1136 sed
1046 1111 1133 1136 vere
1163 1100 1280 1146 potuit

100 1162 169 1198 dici
195 1162 289 1197 filius
318 1162 449 1207 Martis,
476 1162 561 1207 quia
590 1162 742 1197 bellator
771 1162 985 1197 victoriosus
1012 1164 1048 1197 et
1081 1164 1190 1196 autor
1215 1172 1280 1206 po-

102 1222 175 1268 puli
202 1222 361 1258 bellicosi
390 1222 541 1258 romani.
570 1222 644 1257 Hoc
672 1222 781 1257 etiam
810 1222 935 1257 fictum
964 1225 1017 1257 est
1044 1221 1088 1256 ad
1111 1221 1279 1256 animan-

101 1283 189 1318 dum
218 1283 393 1329 populum
427 1283 472 1318 ad
508 1283 681 1318 virtutem
710 1282 946 1327 sortitudinis3
980 1282 1041 1317 sed
1076 1281 1169 1316 sicut
1197 1281 1279 1316 ficte

103 1346 208 1379 natus
235 1346 289 1378 est
316 1353 361 1378 ex
389 1343 475 1388 Deo,
508 1342 556 1378 ita
593 1342 674 1378 ficte
707 1343 823 1379 sactus
857 1345 910 1377 est
946 1342 1042 1377 Deus
1072 1344 1149 1387 post
1179 1351 1279 1376 mor-

101 1408 184 1440 tem.
201 1405 412 1438 —Natura.
441 1404 504 1438 Hic
530 1404 680 1439 Carolus
707 1403 863 1439 ostendit
890 1402 1075 1448 quomodo
1100 1402 1195 1438 dicta
1215 1412 1280 1436 na-

101 1469 182 1499 tura
223 1464 378 1499 coelestis
419 1463 528 1498 vincit
568 1467 739 1498 naturam
779 1464 992 1498 humanam.
1029 1462 1070 1497 Et
1101 1461 1146 1497 ad
1174 1461 1280 1496 intel-

104 1524 238 1559 lectum
258 1523 366 1558 huius
388 1523 502 1558 literae
521 1526 575 1558 est
593 1523 686 1558 bene
706 1522 918 1568 notandum,
939 1522 1036 1568 quod
1056 1522 1138 1557 licet
1158 1521 1281 1557 anima

100 1582 309 1629 generantis
335 1582 500 1617 infundat
528 1582 702 1617 virtutem
729 1592 834 1617 suam
863 1592 946 1627 quae
966 1585 1019 1617 est
1042 1582 1077 1616 in
1097 1584 1281 1627 spermate

101 1643 146 1678 ad
173 1643 429 1679 formationem
457 1642 528 1687 filii,
558 1653 630 1677 non
660 1646 784 1678 tamen
815 1642 875 1677 dat
903 1642 1127 1678 intellectum
1157 1644 1193 1677 et
1221 1651 1281 1676 ra-

103 1703 249 1748 tionem,
270 1703 355 1748 quia
379 1703 487 1738 datur
513 1703 559 1737 ab
587 1706 711 1748 extra;
739 1706 776 1738 et
798 1706 851 1737 est
873 1713 931 1738 res
951 1705 1130 1748 separata⁷
1151 1701 1187 1736 in
1207 1712 1280 1746 qua

103 1766 156 1799 est
184 1763 352 1798 voluntas
380 1766 416 1798 et
442 1763 590 1798 libertas
615 1763 767 1808 arbitrii‚
796 1773 861 1809 per
888 1773 1000 1808 quam
1034 1763 1127 1798 filius
1162 1764 1280 1807 potest

102 1823 329 1869 degenerare
355 1834 375 1858 a
403 1827 506 1868 patre
534 1823 568 1858 in
598 1823 732 1859 virtute
759 1827 796 1859 et
823 1823 999 1868 moribus,
1028 1823 1141 1858 immo
1168 1821 1278 1856 etiarn

103 1894 198 1929 saepe
224 1882 422 1929 degenerat
450 1883 485 1918 in
512 1883 765 1929 complexione
791 1883 984 1928 corporali,
1011 1882 1096 1928 quia
1121 1892 1193 1917 non
1220 1890 1279 1915 so-

104 1943 179 1978 lum
207 1946 311 1989 pater
338 1946 491 1990 generat
530 1944 658 1989 filium,
695 1943 758 1979 sed
799 1943 914 1978 virtus
932 1939 967 1987 (ἲ)
995 1943 1078 1978 solis
1106 1946 1142 1978 et
1169 1941 1280 1977 totius

102 2004 192 2039 coeli.
214 2004 303 2040 Dicit
325 2014 414 2051 ergo
441 2004 477 2039 in
505 2004 628 2040 litera:
657 2006 795 2039 Natura
812 2007 998 2048 generata,
1019 2013 1128 2048 quam
1153 2001 1276 2048 appel-

104 2064 151 2099 lat
177 2067 391 2110 generatam
411 2064 455 2099 ad
474 2064 717 2100 differentiam
741 2067 881 2099 naturae
913 2063 1078 2108 coelestis,
1101 2072 1183 2108 quae
1211 2061 1278 2096 fuit

103 2126 227 2159 creata
253 2123 298 2160 de
326 2124 433 2159 nihilo
462 2124 671 2160 immediate
697 2135 718 2159 a
746 2124 821 2159 Deo
836 2119 885 2169 (3),
908 2126 946 2158 ut
968 2123 1046 2169 jam
1074 2122 1189 2169 patuit
1215 2132 1277 2157 ca—

166 2246 190 2274 =1¹jl
210 2248 230 2273 t,
250 2246 368 2276 potentis.
496 2246 521 2275 [²]
542 2249 562 2274 4,
582 2246 685 2270 virtute.
813 2245 838 2275 (¹³)
857 2246 886 2269 E.
906 2246 937 2269 ab
954 2244 1124 2275 omnipotenti
1141 2244 1204 2268 Deo.
