1766 2856
490 274 560 306 434
885 278 1089 304 COMENTUM
1117 278 1284 303 PARADlSl

491 353 611 388 nullus
647 355 732 387 ante
768 361 854 385 eum
884 350 989 396 plura
1023 350 1118 385 bella
1149 349 1271 396 gessit,
1307 350 1432 395 plures
1468 350 1674 396 provincias

488 412 581 457 fecit,
598 422 664 447 nec
680 415 824 446 tantum
840 410 1027 456 ampliavit
1046 410 1223 446 terminos
1244 410 1386 446 romani
1406 410 1568 456 imperii:
1586 422 1671 447 nam

487 472 607 507 Asiam
637 481 749 517 quam
777 474 971 516 acceperat
994 474 1204 506 extremam
1232 470 1458 516 provinciam
1484 471 1568 507 fecit
1595 473 1669 508 Me—

488 532 595 578 diam,
616 536 656 567 ut
685 535 839 568 testatur
857 532 996 566 Tullius
1023 531 1058 566 in
1087 531 1206 566 libello
1225 531 1271 567 de
1291 531 1460 566 laudibus
1488 532 1670 578 Pompeii3

487 594 585 639 quod
613 593 774 629 declarat
796 592 932 628 Plinius
952 592 986 627 in
1007 592 1076 627 Vll.
1105 593 1210 628 Nunc
1237 592 1283 628 ad
1310 591 1474 637 literam;
1498 592 1582 628 dicit
1603 593 1669 628 Ju-

489 654 682 690 stinianus:
712 655 887 697 Sott’esso,
915 653 1062 698 scilicet,
1091 653 1159 688 sub
1187 653 1291 700 signo
1318 652 1463 698 aquilae,
1491 654 1669 699 trionfaro

490 716 659 759 Scipione,
687 714 833 758 scilicet⁷
863 713 990 758 maior,
1019 724 1036 748 e
1064 716 1215 758 Pompeo
1241 714 1452 758 ρίουαηθιίῑς
1480 724 1565 749 nam
1594 713 1671 749 Sci-

489 775 547 821 pio
575 778 652 811 erat
680 775 773 810 forte
800 774 946 820 triginta
974 784 1158 809 annorum
1186 774 1334 819 quando
1362 773 1600 820 triumphavit
1626 774 1672 810 de

488 836 619 880 Africa,
647 839 682 871 et
710 835 904 880 Pompeius
938 838 1017 870 erat
1047 835 1169 881 viginti
1207 845 1271 871 sex
1306 845 1489 871 annorum
1524 835 1672 881 quando

489 895 608 941 primo
636 895 876 941 triumphavit
902 895 947 931 de
980 895 1121 940 Africa3
1156 895 1209 931 bis
1241 895 1443 941 imperator
1469 899 1669 941 antequam

489 955 602 1000 miles,
625 958 660 991 et
683 955 736 990 bis
756 966 933 991 romanus
952 966 1067 1001 eques
1087 956 1166 991 loco
1188 956 1358 1000 consulis,
1380 959 1415 992 et
1435 956 1534 991 solus
1561 956 1673 1003 gessit

488 1016 637 1051 tertium
666 1016 908 1052 consolatum.
932 1016 1034 1052 Unde
1057 1016 1195 1051 Tullius
1224 1016 1349 1051 tribuit
1376 1017 1551 1063 Pompeio
1578 1027 1671 1062 qua—

487 1080 571 1111 tuor
609 1076 814 1112 necessaria
850 1087 998 1112 summo
1029 1076 1259 1122 imperatori‚
1296 1077 1447 1122 scilicet,
1484 1077 1672 1114 scientiam

490 1138 541 1173 rei
570 1137 746 1182 militaris,
767 1137 953 1182 virtutem,
974 1137 1223 1182 autoritatem,
1245 1138 1471 1183 felicitatem3
1491 1142 1526 1174 et
1550 1142 1673 1174 tamen

490 1198 525 1233 in
553 1198 624 1234 [ine
650 1198 841 1234 infeliciter
868 1197 1083 1242 debellatus,
1103 1198 1280 1234 infelicius
1308 1198 1411 1245 fugit,
1432 1198 1674 1235 infelicissime

492 1263 662 1295 mortuus
689 1263 762 1295 est:
791 1259 853 1305 qui
873 1259 1014 1305 primus
1035 1269 1276 1294 romanorum
1297 1259 1390 1304 cepit
1409 1259 1614 1295 Jerusalem
1638 1262 1674 1295 et

492 1321 671 1366 templum
700 1320 786 1355 illud
817 1319 982 1355 mirabile
1009 1319 1228 1355 ditissimum
1254 1319 1393 1354 intrans
1416 1319 1591 1354 intactum
1614 1330 1674 1355 re-

491 1381 604 1427 liquit.
626 1382 667 1416 Et
686 1381 784 1417 addit
803 1381 1027 1416 Justinianus
1047 1380 1247 1416 incidenter
1267 1391 1384 1415 unum
1410 1380 1547 1415 factum
1575 1380 1674 1426 quod

492 1442 604 1488 tangit
624 1446 807 1487 autorem,
828 1442 962 1477 scilicet
981 1441 1213 1477 eversionem
1237 1441 1423 1476 faesulanae
1442 1440 1608 1486 civitatis,
1628 1451 1674 1476 ex

490 1512 563 1547 qna
582 1502 668 1537 olim
693 1502 786 1537 sacta
809 1506 863 1538 est
885 1501 1079 1537 Florentia.
1100 1502 1205 1546 Nam,
1226 1505 1316 1537 teste
1336 1500 1504 1545 Salustio‚
1524 1501 1675 1536 Catilina

491 1563 671 1608 pessimus
705 1563 832 1608 pulsus
866 1573 910 1598 ex
950 1562 1042 1598 urbe
1079 1566 1227 1608 propter
1261 1562 1471 1608 pestiferam
1503 1562 1676 1597 coniura-

492 1623 628 1659 tionem
670 1634 781 1668 quam
823 1623 960 1658 fecerat
997 1633 1082 1658 cun]
1120 1623 1243 1657 multis
1279 1623 1459 1657 nobilibus
1493 1622 1538 1658 de
1574 1622 1677 1658 inva-

492 1683 609 1719 denda
637 1683 823 1728 republica
851 1687 885 1718 et
915 1683 1130 1718 trucidando
1158 1686 1286 1718 senatu
1317 1683 1481 1729 confugit
1507 1683 1552 1718 ad
1586 1682 1676 1718 civi—

492 1746 605 1778 tatem
633 1743 874 1788 Faesularum,
903 1747 939 1779 et
966 1743 1049 1778 inde
1077 1743 1251 1779 recedens
1284 1743 1318 1778 in
1352 1754 1443 1789 agro
1471 1743 1673 1789 pistoriensi

493 1808 697 1849 prostratus
725 1808 778 1840 est
806 1815 892 1839 cum
924 1804 998 1840 suis
1032 1804 1246 1839 mirabiliter
1281 1814 1448 1851 pugnans
1479 1807 1516 1839 et
1548 1804 1674 1840 civitas

493 1864 720 1900 Faesularum
755 1864 940 1900 destructa
978 1869 1040 1900 est.
1075 1864 1165 1900 Dicit
1199 1875 1301 1911 ergo,
1329 1868 1360 1899 ec
1380 1875 1495 1909 parve
1529 1875 1671 1909 amaro,

493 1924 580 1960 illud
607 1925 765 1972 signum,
793 1936 815 1960 α
843 1927 920 1969 quel
944 1927 1042 1969 colle,
1069 1925 1170 1970 idest,
1192 1925 1305 1961 monti
1334 1926 1520 1970 faesulano,
1542 1925 1576 1960 in
1599 1936 1674 1971 quo

493 1985 559 2020 fuit
586 1985 671 2021 olim
700 1985 800 2020 fortis
828 1985 953 2022 civitas
980 1986 1222 2031 Faesularum⁷
1249 1990 1336 2021 sotto
1354 1988 1379 2021 'l
1403 1987 1487 2030 qual
1511 1990 1559 2029 tu,
1581 1985 1675 2022 scili-

492 2049 560 2091 cet,
588 2056 610 2081 O
637 2046 782 2091 Dantes,
811 2048 969 2089 nascestt,
989 2047 1124 2082 scilicet
1153 2047 1187 2081 in
1214 2046 1395 2082 Florentia
1416 2056 1499 2091 quae
1518 2049 1572 2082 est
1591 2056 1675 2091 pro—

492 2106 627 2152 pinqua
655 2110 690 2142 et
717 2107 880 2142 subiecta
909 2107 957 2142 illi
984 2107 1065 2142 colli
1094 2107 1187 2142 forte
1219 2117 1284 2153 per
1320 2107 1388 2142 tria
1422 2106 1601 2151 milliaria,
1629 2106 1675 2142 de

492 2177 565 2211 quo
592 2167 675 2202 alibi
704 2167 841 2202 dictum
869 2171 924 2203 est
942 2171 978 2202 et
996 2167 1149 2203 dicetur.
1165 2187 1213 2192 ——
1230 2169 1302 2202 Ροιῗ.
1327 2167 1431 2202 Nunc
1450 2166 1675 2202 Justinianus

490 2227 709 2262 transcursis
745 2227 906 2263 breviter
946 2227 1166 2272 quibusdam
1208 2228 1365 2263 victoriis
1408 2230 1443 2262 et
1480 2226 1674 2272 triumphis

493 2287 625 2332 aquilae
653 2298 718 2332 per
745 2291 909 2333 tempora
939 2288 1144 2332 consulum,
1175 2299 1271 2324 nunc
1298 2287 1484 2324 descendit
1515 2287 1560 2322 ad
1594 2297 1675 2323 ma-

494 2347 788 2393 gnificentissima
808 2351 909 2394 gesta
930 2348 1208 2393 imperatorum.
1230 2349 1271 2384 Et
1287 2348 1407 2393 incipit
1421 2358 1442 2383 a
1459 2347 1589 2393 primo,
1604 2347 1674 2382 sci-
