1766 2856
507 252 577 284 372
901 254 1107 280 COMENTUM
1133 255 1299 279 PARADISI

504 341 550 366 ex
578 330 673 376 igne,
701 328 794 364 sicut
821 327 934 362 refert
960 326 1099 362 Tullius
1122 327 1240 372 primo
1267 326 1312 362 de
1339 327 1476 362 Natura
1504 327 1685 372 Deorum,

504 394 541 426 et
567 388 793 436 Augustinus
813 387 872 422 VII
891 387 935 422 de
954 387 1107 423 Civitate
1129 387 1192 423 Dei
1215 387 1310 423 circa
1333 387 1560 433 principium.
1581 387 1687 424 Modo

504 459 633 484 omnes
660 448 814 494 planetae
842 450 947 483 eraut
974 447 1028 482 Dii
1056 448 1153 494 apud
1180 447 1333 494 gentiles
1359 447 1541 493 antiquos,
1566 451 1606 484 ut
1632 448 1687 484 di-

504 513 609 545 cetur
628 509 787 555 capitulo
814 507 993 553 sequenti.
1009 528 1057 533 -
1072 511 1188 543 Frate.
1208 508 1313 544 Nunc
1340 508 1516 544 Picharda
1536 519 1687 554 respon—

504 569 565 605 det
592 569 751 615 persecte
769 568 815 604 ad
834 568 1041 614 quaesitum,
1061 571 1097 603 et
1115 568 1199 604 dicit
1218 568 1315 613 quod
1335 578 1464 604 omnes
1482 568 1579 604 beati
1598 578 1686 604 con—

507 633 694 666 tentantur
722 632 820 665 sorte
847 639 925 674 sua,
946 638 1013 664 nec
1041 629 1122 674 plus
1149 628 1354 664 desiderant
1377 638 1488 674 quam
1509 628 1687 674 habeant3

504 693 540 726 θῖ
567 689 784 735 principium
812 693 848 725 et
879 689 1161 724 fundamentum
1197 688 1306 724 huius
1339 692 1393 724 est
1424 688 1566 724 caritas.
1596 689 1689 724 Dicit

504 760 614 798 ergo:
650 748 743 785 Virce't
770 751 806 784 dt·
832 745 958 793 caract,
978 759 1061 794 quae
1089 759 1174 784 cum
1204 749 1247 784 sit
1275 759 1406 796 magna
1431 749 1466 784 iu
1491 749 1547 785 via
1570 749 1688 784 maior

505 815 559 847 est
586 811 621 845 in
649 810 784 856 patria,
813 820 898 845 nam
927 809 1014 844 fides
1042 812 1078 845 et
1104 819 1185 855 spes
1211 812 1353 845 cessant
1381 809 1439 854 ibi,
1467 809 1529 844 sed
1556 809 1688 845 caritas

505 871 655 915 crescit,
683 871 742 905 che
765 872 805 915 fa
833 871 973 905 volerne
998 871 1052 905 sol
1077 871 1155 913 quel
1180 871 1374 913 clz’avemo,
1394 873 1430 906 et
1457 880 1603 915 semper
1623 870 1688 905 ha-

505 932 685 977 bebimus,
713 942 731 966 e
757 932 790 966 ιζ’
804 932 897 966 altro
924 941 996 965 non
1022 932 1052 965 σι’
1078 934 1206 975 assem,
1234 930 1336 976 idest,
1364 934 1400 968 et
1428 941 1499 966 non
1520 930 1603 966 facit
1621 940 1689 966 no-

504 992 558 1027 bis
585 991 806 1027 desiderium
836 991 984 1027 maioris
1011 991 1148 1037 gloriae.
1173 991 1256 1026 Ideo
1282 991 1377 1026 hene
1403 990 1488 1026 dicit
1514 990 1689 1037 Augusti-

505 1063 594 1088 nus:
630 1052 796 1088 exultant
832 1062 960 1087 omnes
995 1051 1030 1086 in
1069 1051 1222 1097 propriis
1259 1050 1530 1095 mansionibus3
1567 1050 1688 1096 dispar

505 1112 621 1159 gloria
654 1112 715 1148 sed
747 1111 954 1147 communis
982 1111 1102 1146 laetitia
1131 1111 1320 1155 omnium;
1356 1113 1467 1155 quieta
1500 1112 1535 1145 la
1566 1114 1688 1145 noslra

507 1168 660 1217 volema),
688 1173 788 1217 idest,
817 1175 1012 1208 coutentat.
1034 1171 1157 1207 Simile
1179 1174 1232 1206 est
1253 1171 1298 1206 de
1321 1171 1414 1206 vasis
1435 1171 1687 1207 differentibus

505 1233 541 1269 in
570 1237 681 1277 terra,
702 1232 787 1278 quia
808 1232 928 1267 minus
948 1242 1011 1267 vas
1031 1242 1103 1267 nou
1122 1234 1240 1277 potest
1263 1231 1342 1277 plus
1362 1242 1494 1277 capere
1513 1232 1558 1267 de
1576 1241 1685 1276 aqua,

506 1298 542 1330 et
569 1293 617 1329 ita
644 1293 766 1328 anima
794 1292 829 1327 in
857 1292 949 1327 coelo
978 1302 1049 1326 nou
1078 1294 1131 1327 est
1154 1301 1269 1336 capax
1291 1291 1441 1327 maioris
1462 1291 1600 1338 gloriae,
1620 1301 1687 1341 nec

507 1357 623 1400 potest
653 1354 732 1399 plus
758 1354 1074 1398 appetere—Se.
1098 1351 1161 1387 llic
1188 1351 1364 1387 Picharda
1392 1351 1522 1397 probat
1549 1351 1685 1386 dictum

506 1426 628 1459 suum,
651 1413 737 1460 quia
765 1413 792 1448 si
820 1423 892 1448 uon
916 1416 1010 1448 esset
1038 1412 1087 1448 sic
1114 1415 1335 1457 sequeretur
1358 1411 1465 1447 nimis
1484 1411 1687 1447 absurdum

506 1474 774 1511 inconveniens
803 1473 905 1508 Unde
931 1473 1033 1508 dicit:
1055 1475 1097 1507 Se
1115 1474 1317 1507 ‹lesiassimo
1335 1483 1427 1507 esser
1440 1469 1502 1517 pise
1522 1482 1684 1516 superne,

505 1535 606 1579 idest,
634 1534 842 1580 superiores
869 1533 905 1567 in
931 1532 1059 1579 gloria,
1085 1534 1135 1576 yle?
1160 1534 1272 1567 nostri
1297 1533 1405 1568 (lesiri
1428 1534 1551 1577 somn,
1581 1531 1684 1575 idest,

505 1598 637 1640 essent,
665 1594 819 1629 discordi
845 1594 908 1628 dal
936 1594 1030 1627 voler
1056 1593 1092 1626 de?
1117 1594 1219 1637 coleti,
1250 1592 1351 1637 idest,
1371 1592 1447 1636 Dei,
1475 1593 1533 1627 che
1559 1592 1618 1635 qui
1643 1601 1685 1625 ne

504 1665 619 1697 cerne,
648 1653 748 1697 idest,
775 1652 925 1698 deputat
954 1662 1018 1687 nos
1046 1651 1246 1696 quemlibet
1278 1652 1314 1686 iu
1348 1651 1476 1687 ordine
1503 1662 1580 1686 suo.
1610 1650 1685 1685 Hoc

505 1717 630 1750 autem
659 1716 713 1748 est
747 1711 976 1758 impossibile,
1006 1711 1102 1746 unde
1136 1711 1230 1755 dicit,
1261 1712 1332 1754 olle,
1365 1711 1466 1755 idest,
1495 1710 1593 1755 quod
1620 1710 1684 1745 de-

506 1774 668 1810 siderare
695 1772 876 1818 superius,
907 1773 1023 1806 vedrai
1050 1782 1118 1805 non
1151 1781 1289 1816 capere,
1318 1771 1419 1815 idest,
1448 1782 1519 1805 non
1548 1770 1684 1805 habere

505 1835 640 1879 locum,
667 1835 704 1868 in
730 1835 837 1877 questi
861 1833 944 1876 ῃίνὶ,
972 1832 1073 1875 idest,
1099 1832 1213 1877 speris
1236 1832 1456 1876 coeiestibus,
1475 1833 1502 1866 s’
1513 1841 1625 1866 essere
1651 1832 1686 1866 in

505 1897 651 1930 caritate
677 1892 696 1929 e*
720 1895 778 1938 qui
805 1904 951 1936 necesse,
975 1893 1014 1937 si,
1035 1903 1100 1938 pro
1129 1892 1226 1937 quia,
1250 1892 1335 1937 quia
1354 1892 1404 1927 sic
1423 1895 1477 1927 est
1495 1891 1540 1926 de
1559 1901 1686 1926 neces—

506 1955 622 1999 sitate,
650 1966 667 1989 e
692 1965 728 1989 se
755 1955 790 1989 la
817 1965 881 1988 seca
909 1957 1040 1988 ηαιιινα
1067 1953 1129 1987 hen
1156 1954 1284 1997 riwet'rt‘,
1305 1952 1390 1998 quia
1409 1952 1542 1987 caritas
1565 1951 1687 1986 diver-

505 2015 647 2051 sitatem
670 2014 878 2049 animarum
901 2013 1100 2048 consolidat
1119 2013 1154 2047 in
1174 2012 1361 2056 unionem,
1382 2012 1429 2047 ita
1449 2011 1546 2057 quod
1569 2013 1687 2046 cessat

506 2075 625 2111 omnis
651 2074 841 2119 discordia,
868 2075 965 2117 anzi,
993 2073 1066 2108 imo
1099 2073 1218 2119 potius
1250 2083 1270 2108 e
1305 2076 1444 2116 contra,
1476 2069 1494 2106 ε’
1520 2072 1685 2116 formale,

508 2135 736 2181 principium,
764 2136 812 2170 ad
841 2138 912 2169 esto
945 2135 1043 2178 beato
1077 2144 1160 2177 esse,
1194 2133 1296 2179 idest,
1330 2132 1374 2168 ad
1407 2132 1515 2167 istum
1550 2134 1684 2166 statum

507 2195 738 2230 beatitudinis
766 2195 932 2230 omnium
963 2195 1145 2230 bonorum
1174 2193 1437 2241 aggregatione
1470 2192 1684 2238 perfectum,

508 2257 632 2291 cenerse·
657 2256 781 2290 ‹lenlro
813 2257 885 2290 alla
919 2257 1039 2290 divina
1074 2256 1201 2298 wyllan,
1230 2254 1331 2299 idest,
1359 2253 1592 2289 conformare
1620 2262 1685 2287 nos

509 2315 685 2352 voluntati
713 2314 854 2360 divinae,
883 2325 966 2360 quoe
993 2318 1047 2350 est
1074 2314 1190 2360 prima
1218 2318 1254 2350 et
1281 2324 1426 2350 summa
1453 2323 1576 2357 causa,
1595 2322 1684 2356 per-
