1766 2856
511 226 580 258 296
901 229 1104 254 COMENTUM
1134 229 1299 254 PARAmsi

506 303 654 340 scientia
681 303 777 338 Deus
804 300 1062 346 comprehendi
1089 304 1225 346 potest;
1254 303 1307 336 est
1339 301 1436 336 enim
1467 302 1680 347 immensus,

506 361 887 409 incomprehensibilis,
916 361 1193 406 innominabilis,
1223 360 1422 397 ineffabilis.
1450 362 1541 398 Nota
1569 363 1680 398 etiam

504 424 602 470 quod
626 423 733 457 huius
751 421 833 457 dicti
853 432 963 457 causa
983 425 1048 466 est,
1069 421 1155 467 quia
1174 422 1377 457 intellectus
1398 432 1470 457 non
1489 426 1544 458 est
1565 423 1681 458 virtus

504 483 676 529 organica
705 482 797 518 sicut
826 482 1015 527 memoria,
1039 482 1119 517 ideo
1147 485 1199 517 est
1228 481 1379 517 xicinior
1407 482 1533 528 primae
1559 492 1680 518 causae

505 554 617 589 quam
644 553 791 588 sensus,
820 545 855 578 et
882 542 931 578 sic
959 542 1163 578 intellectus
1191 542 1299 577 habet
1333 542 1368 577 in
1399 552 1438 577 se
1465 543 1588 588 plures
1615 553 1682 578 no-

504 603 658 639 bilitates
685 606 721 638 et
752 602 942 646 bonitates,
971 602 1103 647 quibus
1135 601 1273 637 accedit
1307 601 1353 637 ad
1387 602 1681 638 conformitatem

505 663 631 709 primae
659 672 790 698 causae.
819 662 902 698 Ideo
931 662 1024 698 bene
1044 661 1254 697 Aristoteles
1276 661 1437 697 secundo
1456 662 1501 698 de
1527 672 1683 709 genera-

507 722 604 757 tione
631 722 845 758 animalium
873 722 972 757 dicit:
995 721 1215 766 relinquitur
1233 725 1359 757 autem
1380 721 1604 758 intellectum
1624 732 1683 757 so-

507 781 583 817 lum
610 781 655 817 de
682 782 768 817 soris
795 781 969 817 advenire
996 785 1032 817 et
1060 781 1223 816 divinum
1251 791 1331 817 esse
1358 781 1488 817 solum.
1505 802 1553 807 —
1574 784 1683 816 Vera-

508 846 624 877 menle.
642 841 705 876 Hic
720 845 826 887 poeta
840 841 956 887 aperit
975 841 1212 877 intentionem
1229 852 1334 877 suam
1354 841 1450 877 circa
1470 845 1681 888 1)raetactam

505 902 709 947 materiam,
736 905 940 948 protestans
968 911 1006 937 se
1033 901 1218 937 dicturum
1246 901 1291 937 de-
1309 912 1352 937 ea
1372 901 1575 937 secundnm
1598 912 1681 947 pos-

507 962 712 998 sibilitatem
741 972 867 1007 suam,
896 962 993 998 unde
1011 962 1094 997 dicit
1114 966 1276 997 tantum:
1309 963 1434 1004 chanl'
1450 963 1483 996 ἱο
1506 964 1598 1007 potet
1620 964 1682 1008 far

506 1025 632 1065 tesoro,
667 1022 767 1067 idest,
804 1032 928 1057 caram
965 1021 1254 1067 acquisitionem,
1291 1022 1377 1067 quia
1413 1023 1532 1057 solum
1572 1022 1684 1058 refert

508 1081 677 1127 quaedam
705 1081 875 1127 pretiosa,
904 1083 993 1117 nella
1016 1083 1086 1116 mia
1113 1086 1234 1126 meme,
1254 1082 1354 1127 idest,
1380 1082 1570 1127 memoria,
1598 1091 1681 1127 quae

508 1146 562 1177 est
598 1143 793 1178 thesaurus
819 1142 1084 1187 inventionum,
1112 1146 1152 1177 ut
1183 1142 1266 1177 dicit
1297 1142 1446 1188 Tullius,
1475 1146 1683 1187 veramente,

506 1203 608 1248 idest,
636 1213 709 1238 non
736 1203 950 1238 somniando
984 1213 1088 1248 vane,
1115 1199 1202 1237 sard
1233 1214 1314 1247 ora,
1345 1203 1490 1248 scilicet,
1518 1203 1562 1238 de
1589 1213 1684 1249 prae-

511 1264 614 1309 senti,
643 1265 791 1299 materia
817 1264 873 1298 del
902 1265 969 1298 mio
1001 1267 1116 1307 canto,
1143 1263 1243 1308 idest,
1278 1263 1379 1298 istius
1413 1273 1505 1299 mea:
1532 1263 1683 1309 poeticae

508 1323 768 1369 descriptionis,
796 1325 852 1358 del
876 1334 986 1368 regno
1019 1328 1135 1367 εαηίο,
1161 1323 1263 1368 idest,
1295 1323 1339 1358 de
1373 1323 1478 1368 coelo,
1506 1323 1603 1368 quod
1630 1326 1685 1359 est

507 1394 665 1430 regnum
693 1387 917 1419 sanctorum.
947 1384 1057 1419 Poeta
1084 1383 1181 1419 enim
1214 1382 1401 1428 descripsit
1434 1382 1594 1428 primum
1623 1393 1683 1418 re—

506 1454 621 1490 gnum
641 1444 912 1488 damnatorum,
933 1443 1135 1478 secundum
1154 1446 1418 1489 purgatorum,
1436 1452 1534 1478 nunc
1552 1442 1682 1478 ultimo

506 1504 656 1540 intendit
670 1504 877 1540 describere
893 1504 1041 1539 tertium
1058 1513 1213 1549 regnum
1227 1500 1262 1547 (¹)
1278 1503 1577 1538 beatorumNuIt
1595 1513 1684 1549 ergo

506 1564 627 1600 dicere
642 1564 802 1600 breviter
821 1567 855 1599 et
875 1564 990 1598 clare:
1011 1573 1080 1609 ego
1096 1563 1260 1598 tractabo
1279 1562 1413 1598 amodo
1428 1562 1472 1598 de
1491 1563 1584 1598 dicta
1604 1573 1684 1598 ma-

507 1624 596 1659 terIa
624 1624 828 1659 secundum
856 1623 1065 1658 facultatem
1094 1622 1284 1657 memorife
1311 1632 1424 1666 meae3
1453 1632 1535 1667 qnae
1559 1625 1683 1657 tamen

507 1684 572 1719 suit
598 1684 831 1730 capacissima
859 1683 895 1718 in
922 1683 997 1728 ipso
1025 1686 1166 1727 autore,
1196 1686 1236 1717 ut
1263 1682 1401 1717 dictum
1436 1685 1491 1717 est
1522 1681 1683 1717 secundo

507 1744 664 1790 capitulo
692 1743 823 1779 Inferni
850 1743 945 1779 circa
973 1743 1202 1788 principium.
1227 1742 1269 1777 Et
1288 1742 1344 1778 hic
1368 1746 1453 1778 nota
1472 1742 1565 1778 bene
1585 1741 1682 1788 quod

508 1805 602 1841 sicut
619 1804 763 1840 distinxi
782 1803 962 1850 duplicem
983 1803 1166 1839 infernum
1187 1803 1221 1838 in
1241 1803 1431 1849 prohemio
1450 1803 1578 1848 primae
1596 1813 1683 1838 can-

508 1865 597 1910 ticae,
617 1869 652 1900 et
670 1864 849 1910 duplicem
870 1863 1126 1910 purgatorium
1146 1863 1180 1898 in
1200 1862 1390 1909 prohemio
1404 1862 1574 1898 secundae
1594 1872 1682 1898 can-

508 1925 603 1971 ticae;
631 1925 678 1961 ita
713 1935 810 1960 nunc
841 1924 920 1959 dico
953 1924 988 1959 in
1025 1923 1216 1970 prohemio
1244 1923 1352 1958 huius
1385 1923 1500 1959 tertiae
1533 1922 1682 1958 cantica:

507 1985 689 2031 duplicem
724 1995 803 2021 esse
834 1984 1055 2030 paradisum.
1089 1984 1149 2019 Est
1181 1983 1278 2019 enim
1315 1982 1502 2029 paradisus
1535 1981 1682 2017 moralis

507 2055 592 2080 cnm
620 2045 742 2081 anima
768 2045 888 2081 adhuc
915 2044 950 2080 in
977 2054 1132 2090 corpore
1160 2043 1284 2080 vivens
1310 2043 1371 2078 dat
1387 2039 1423 2087 (Ζ)
1450 2053 1489 2078 se
1516 2042 1682 2088 specula-

508 2105 608 2150 tioni,
635 2109 670 2140 et
697 2105 733 2140 in
760 2115 912 2140 excessu
943 2104 1073 2141 montis
1100 2103 1261 2140 ascendit
1292 2113 1410 2149 usque
1441 2102 1486 2138 ad
1520 2102 1679 2137 divinam

508 2165 700 2200 essentiam
728 2175 792 2211 per
819 2175 947 2200 omnes
975 2176 1099 2211 speras
1124 2165 1302 2200 coelorum
1332 2167 1367 2199 et
1394 2163 1539 2199 ordines
1566 2173 1681 2210 ange-

570 2293 596 2324 (¹)
614 2294 643 2318 Ε.
661 2300 779 2324 regnum,
798 2295 895 2318 scilicet
913 2295 1055 2318 bealorum.
1234 2294 1261 2324 (Ἰ)
1280 2297 1301 2322 t,
1320 2295 1381 2318 dans
1398 2300 1424 2317 se
1441 2292 1616 2323 speculationi.
