1766 2856
489 250 558 281 458
881 253 1084 279 COMENTUM
1110 253 1277 278 PARADISI

486 329 611 372 sopra
636 327 774 371 „strande
799 336 816 360 e
843 326 944 369 bella,
971 328 1007 360 et
1034 334 1122 360 vere
1154 324 1391 371 magnificum
1419 329 1455 360 et
1488 325 1661 371 pulcrum

485 388 549 422 suit
577 387 696 422 facere
724 390 884 431 quatuor
906 385 995 420 filias
1019 385 1127 420 unius
1146 384 1289 420 comitis
1309 385 1464 432 reginas,
1484 387 1558 420 mal
1574 396 1664 430 yra—

481 448 565 490 dita,
612 447 658 482 ab
702 446 847 492 ingrato
881 445 1039 481 domino.
1074 445 1117 480 Et
1152 444 1272 480 subdit
1308 445 1452 491 merito,
1485 446 1584 491 quod
1618 446 1664 482 ad

481 508 627 552 culpam
655 507 726 542 cito
754 509 881 542 secuta
908 509 962 542 est
989 515 1097 552 poena
1129 505 1249 552 digna,
1283 505 1426 541 dicens:
1455 517 1514 541 ma
1539 508 1553 541 i
1574 517 1663 551 pro-

484 569 629 612 venzale,
658 567 804 613 scilicet,
831 567 938 602 aulici
975 566 1128 611 comitis,
1158 567 1217 600 che
1240 568 1296 611 ser
1323 570 1449 602 contra
1477 568 1537 612 lui,
1568 567 1664 602 scili-

481 632 549 673 cet,
577 628 760 663 Romeum
788 638 833 663 ex
862 627 1006 671 invidia,
1034 637 1105 661 non
1130 627 1248 661 hanno
1275 627 1362 670 re'so,
1390 626 1504 662 immo
1532 637 1661 663 amare

482 688 673 733 fleverunt,
702 691 736 723 et
764 698 859 734 saepe
878 687 1157 732 suspiraverunt
1179 687 1383 732 Romenm,
1406 698 1491 722 nam
1519 687 1659 723 officia-

483 749 533 784 les
562 749 656 795 regis
684 747 846 783 Franciae
872 751 907 783 et
935 747 1054 782 Caroli
1082 758 1154 782 non
1182 747 1331 782 suerunt
1363 751 1489 793 postea
1516 748 1564 783 ita
1596 748 1661 784 be-

483 808 580 855 nigni
603 812 639 844 et
657 807 805 854 gratiosi
825 818 914 854 erga
933 817 1006 852 eos,
1027 807 1120 842 sicut
1138 807 1257 842 fuerat
1277 807 1517 854 Raymundus
1538 818 1663 844 comes

482 873 516 904 et
544 869 704 903 Romeus
733 868 954 912 vicecomes,
975 867 1056 903 ideo
1075 868 1247 914 superbia
1268 867 1480 903 francorum
1508 868 1662 905 manise-

480 932 533 964 sta
561 929 654 964 bene
682 929 851 975 purgavit
878 929 1050 964 invidiam
1078 929 1260 964 occultam
1290 939 1432 964 eorum.
1453 929 1537 965 Ideo
1559 929 1659 965 dicit:

480 1002 497 1024 e
520 985 607 1034 pero
635 991 707 1024 mal
732 991 920 1034 calamina,
953 989 1039 1034 quia
1066 989 1111 1025 ad
1134 989 1245 1025 finem
1270 990 1468 1035 reprobum
1486 986 1523 1034 ζ’)
1550 990 1661 1035 venit,

479 1052 562 1095 qual
593 1052 624 1085 si
650 1053 691 1095 sa
720 1051 855 1094 deum,
891 1049 992 1094 idest,
1029 1049 1257 1095 quicumque
1290 1054 1464 1095 procurat
1497 1050 1563 1085 sibi
1594 1049 1658 1096 ipsi

480 1113 757 1155 nocumentum,
785 1111 841 1145 (Iel
866 1110 929 1144 ben
954 1112 1036 1155 sare
1067 1111 1194 1154 allrzn‘,·
1214 1110 1306 1145 sicut
1337 1110 1392 1145 isti
1421 1110 1587 1146 fecerunt
1614 1121 1660 1147 ex

480 1171 575 1206 bona
602 1170 813 1216 operatione
849 1169 989 1205 Romei.
1025 1169 1094 1204 Sed
1127 1169 1318 1215 damnum,
1346 1170 1444 1215 quod
1477 1171 1557 1215 quis
1593 1180 1660 1206 sua

480 1231 587 1276 culpa
614 1230 733 1275 sentit,
761 1229 826 1265 sibi
855 1233 890 1265 et
917 1240 990 1264 non
1017 1229 1076 1264 alii
1103 1229 1211 1265 debet
1239 1229 1433 1274 imputare.
1450 1251 1498 1255 -
1517 1233 1662 1273 Quatcro

476 1292 570 1335 fiylz'e
596 1291 684 1325 ebbe.
714 1291 778 1326 Hic
810 1290 1015 1325 manifestat
1050 1289 1273 1325 Jnstinianus
1305 1289 1491 1336 singulare
1524 1290 1662 1326 benefi-

479 1353 577 1388 cium
606 1353 745 1397 Romei,
775 1356 815 1387 ut
842 1355 951 1387 autor
979 1351 1085 1387 faciat
1114 1355 1329 1397 perpetuam
1365 1351 1584 1387 memoriam
1615 1350 1660 1386 de

479 1424 534 1458 eo,
555 1414 647 1449 sicut
671 1413 754 1448 facit
781 1413 826 1448 de
853 1412 930 1447 aliis
950 1412 1060 1448 rebus
1084 1412 1395 1457 memorabilibus,
1415 1411 1555 1447 dicens:
1576 1413 1662 1446 Βαί-

479 1475 606 1508 mondo
643 1474 889 1516 Berllnyln'eri,
917 1472 1087 1519 indignus
1125 1476 1224 1508 tanta
1257 1472 1472 1508 excellentia
1500 1471 1660 1516 honoris,

478 1537 616 1577 qaam-0
641 1534 734 1577 fiylie
753 1533 831 1567 ebbe
857 1544 875 1566 e
901 1534 1066 1567 ciascmza
1085 1534 1199 1576 reina,
1221 1533 1314 1567 sicut
1338 1536 1434 1578 patet
1462 1542 1506 1568 ex
1534 1531 1659 1567 dictis:

477 1598 513 1629 et
539 1593 640 1629 dicit:
669 1604 686 1627 e
713 1589 765 1628 σίὸ
783 1594 832 1636 yle?
852 1595 924 1638 fece
944 1596 1086 1636 Romeo,
1110 1593 1247 1628 virtute
1276 1603 1463 1637 romanus,
1487 1593 1569 1628 licet
1595 1601 1661 1638 ge-

480 1665 570 1689 nere
597 1664 809 1700 germanus,
840 1657 879 1688 ut
906 1653 1017 1698 aliqui
1045 1653 1220 1697 scribunt,
1244 1664 1400 1697 persona
1426 1655 1527 1688 unzile
1557 1664 1574 1687 e
1594 1663 1659 1697 pe-

476 1716 633 1758 regrina,
662 1713 763 1758 idest,
792 1713 958 1760 ignobilis
986 1716 1021 1748 et
1048 1713 1171 1759 ignota
1200 1712 1334 1748 virtute
1362 1723 1448 1757 sua3
1470 1712 1567 1758 quod
1588 1723 1660 1748 non

479 1774 617 1810 fecisset
645 1774 884 1819 Raymundus
912 1773 1139 1818 simplicitate
1162 1784 1240 1817 sua,
1263 1783 1329 1808 nec
1357 1773 1464 1808 aulici
1494 1773 1661 1820 maligni-

478 1838 551 1870 tate
578 1845 655 1869 sua.
684 1834 726 1868 Et
757 1834 875 1869 subdit
909 1833 1174 1879 simplicitatem
1209 1833 1350 1869 comitis
1383 1837 1417 1869 et
1453 1833 1660 1880 malignita-

478 1899 551 1930 tem
581 1905 735 1930 suorum
763 1895 984 1939 aulicorum,
1011 1894 1153 1929 dicens:
1182 1905 1198 1927 e
1218 1896 1290 1938 μοι’,
1310 1894 1456 1939 scilicet,
1476 1897 1556 1940 post
1583 1897 1657 1929 tam

477 1955 616 2002 grande
644 1955 862 1991 beneficium
892 1959 1102 2001 receptum:
1132 1956 1157 1989 il
1182 1966 1315 1990 mosset·
1347 1957 1376 1990 le
1406 1956 1532 2000 parole
1557 1955 1658 1999 biece,

477 2016 578 2061 idest,
606 2026 710 2051 vanae
737 2015 993 2061 persuasiones
1020 2015 1242 2050 aemulorum
1266 2019 1538 2060 accusatorum,
1557 2026 1580 2050 α
1605 2016 1658 2050 di-

477 2077 630 2111 mamlar
649 2078 810 2119 rayione,
831 2076 978 2121 scilicet,
999 2076 1332 2120 administrationis,
1357 2086 1379 2110 α
1398 2079 1514 2119 questo
1531 2076 1657 2118 ffl'usto,

476 2137 609 2172 scilicet
635 2137 787 2181 Romeo,
816 2138 873 2171 che
900 2138 949 2180 yltss
975 2133 1124 2183 (cs-scyno
1149 2140 1231 2171 selle
1256 2148 1273 2171 e
1307 2137 1427 2181 cinque
1449 2147 1515 2180 per
1541 2136 1655 2180 dioec,-

476 2197 579 2242 quasi
607 2197 722 2232 dleat:
753 2197 904 2232 reddidit
927 2197 991 2231 sibi
1011 2197 1186 2242 optimam
1208 2196 1400 2241 rationem,
1422 2196 1556 2231 scilicet
1579 2195 1657 2231 evi-

539 2335 565 2365 (')
584 2335 612 2358 E.
631 2335 788 2365 improbum.
