1737 2836
363 248 499 274 CANTLTS
526 247 715 273 VlGl-:slmus
740 246 869 272 NONUS·
1136 239 1200 270 191

37 322 305 357 multitudinem
334 331 505 367 magnam
538 323 748 355 sanctorum
781 318 986 364 spirituum,
1019 317 1081 362 qui
1117 327 1205 351 con-

35 382 189 416 stituunt
215 391 347 426 corpus
375 380 476 415 istius
504 379 648 413 militiae.
672 379 714 413 Et
740 378 912 413 continuo
938 376 1092 412 ostendit
1119 375 1205 420 quid

37 440 131 476 videt
150 437 197 485 ὢ,
217 440 354 475 dicens:
378 440 444 474 vz'cl'
460 440 492 473 io
509 440 601 481 qemi
619 439 748 481 venire,
769 437 869 481 idest,
888 437 1009 481 sequi;
1030 436 1083 471 isti
1102 438 1205 471 erant

39 501 162 547 viginti
183 504 343 545 quatuor
365 499 536 542 seniores,
560 508 740 542 appresso,
761 500 839 542 post
857 497 949 531 dicta
977 495 1205 539 candelabra,

38 562 143 604 ullor,
160 560 261 605 idest,
278 563 375 603 tunc,
391 569 484 593 come
502 568 524 592 α
543 559 598 592 lor
615 559 705 600 duci,
725 557 809 602 quia
829 556 1046 591 candelabra
1068 564 1206 601 praece-

37 619 157 655 dentia
172 619 351 654 ducebant
363 621 397 653 et
408 617 609 664 dirigebant
621 620 767 662 gentem
788 616 905 659 istam,
920 615 1011 649 sicut
1027 614 1206 649 subtiliter

37 679 238 714 ostenditur
266 679 300 713 in
328 678 500 724 principio
531 676 714 722 sequentis
748 675 913 721 capituli;
944 676 1081 720 gentes,
1116 674 1206 718 dico,

40 740 150 773 resciso
177 740 213 773 cli
239 739 386 783 bianco,·
414 737 492 772 talis
519 737 661 772 habitus
695 736 788 771 bene
819 734 988 770 convenit
1022 734 1081 769 tali
1109 733 1206 780 genti

38 798 82 833 ad
110 798 335 833 indicandam
364 797 558 843 puritatem
579 800 614 831 et
634 795 847 830 munditiam
874 804 1003 829 eorum
1020 789 1069 837 ff).
1090 795 1132 828 Et
1154 793 1207 828 di-

40 858 87 893 cit
112 858 157 893 ad
184 858 443 893 ostendendam
465 856 736 902 perfectionem,
765 866 781 889 e
806 856 855 889 tal
872 856 1020 897 camlor,
1041 854 1141 899 idest,
1161 854 1209 889 si-

40 918 130 952 milis
165 918 304 962 albedo,
336 918 504 961 ye'ammae'
537 928 606 950 non
635 917 718 960 seu-i7
753 915 852 958 idest,
886 914 961 958 suit,
994 915 1030 948 cli
1060 924 1141 957 qua,
1172 914 1207 948 in

39 980 162 1012 nostro
190 977 347 1011 mundo:
376 980 409 1011 et
438 986 568 1011 verum
600 975 695 1018 dicit,
728 974 811 1019 quia
848 984 1037 1018 nunquam
1069 973 1104 1007 in
1136 973 1208 1008 vita

38 1037 206 1082 apparuit
235 1040 331 1071 tanta
359 1036 502 1071 claritas
528 1035 564 1069 in
591 1034 653 1078 eis,
676 1034 767 1068 sicut
790 1036 866 1079 post
893 1032 1207 1068 beatificationem.

43 1116 90 1120 —
104 1097 140 1130 L’
156 1106 277 1139 acqua.
300 1095 363 1130 Hic
383 1098 487 1140 poeta
507 1094 631 1129 volens
652 1093 872 1128 descendere
889 1092 934 1127 ad
954 1092 1206 1137 perfectiorem

43 1155 229 1198 visionem,
257 1154 374 1200 primo
402 1153 586 1199 praemittit
617 1152 812 1197 puritatem
847 1161 953 1196 aquae
987 1161 1031 1186 ex
1060 1161 1210 1196 percus—

40 1215 139 1250 sione
166 1215 331 1258 luminis3
360 1218 395 1249 et
423 1213 565 1248 videtur
584 1213 676 1247 velle
694 1212 826 1256 dicere,
847 1211 944 1256 quod
966 1221 1051 1245 cum
1071 1210 1210 1245 videret

43 1278 179 1310 tantam
211 1274 412 1309 claritatem
448 1277 483 1308 et
519 1273 714 1318 puritatem
749 1271 984 1306 luminarium
1012 1273 1048 1305 et
1076 1270 1210 1305 cando—

42 1345 131 1379 rem,
161 1335 255 1369 ultra
289 1335 355 1369 hoc
384 1333 526 1368 videbat
558 1332 667 1367 etiam
704 1331 904 1366 claritatem
938 1334 974 1365 et
1013 1331 1208 1376 puritatem

41 1405 159 1439 aquae,
179 1404 261 1439 quae
285 1393 567 1439 repraesentabat
590 1391 786 1437 imaginem
806 1391 883 1425 eius
905 1390 940 1425 in
961 1390 1109 1425 modum
1130 1400 1211 1435 spe—

42 1456 124 1499 culi,
144 1455 171 1490 si
191 1454 385 1499 aliquando
405 1453 596 1488 inclinabat
618 1452 733 1487 visum
754 1451 799 1486 ad
821 1462 967 1496 aquam.
993 1451 1082 1485 Dicit
1101 1460 1209 1496 ergo:

44 1518 213 1559 L'acqna,
233 1514 377 1554 seilicet,
401 1514 477 1557 rivi,
499 1513 711 1557 z'mpremlea,
736 1511 835 1555 idest,
857 1511 1064 1556 recipiebat,
1086 1522 1103 1545 e
1130 1521 1212 1545 ren-

43 1577 168 1619 deame,
196 1574 296 1618 idest,
326 1573 608 1619 repraesentabat
638 1571 734 1616 milii,
763 1573 798 1605 la
825 1573 894 1605 φηία
927 1572 1070 1605 sinistra
1104 1574 1212 1612 costa,

45 1635 143 1679 idest,
172 1635 277 1677 latus,
305 1635 367 1668 dal
390 1634 531 1667 sinistro
559 1634 690 1676 fiancO,
718 1631 864 1675 scilicet,
894 1641 1002 1675 meo;
1030 1631 1132 1675 quasi
1160 1630 1213 1664 di-

44 1698 111 1738 cat,
141 1693 422 1739 repraesentabat
451 1702 509 1727 me
532 1692 566 1726 in
593 1691 651 1726 illa
679 1691 821 1736 propria
850 1690 967 1725 forma
995 1700 1068 1735 qua
1095 1700 1210 1734 eram,

45 1754 130 1800 quia
158 1754 254 1789 ibam
281 1753 326 1788 ad
353 1753 553 1795 sinistra1n3
582 1762 678 1796 aqua
704 1751 795 1795 dico,
823 1761 916 1785 come
937 1751 1090 1794 sperchio
1111 1759 1213 1792 anco,

45 1814 170 1859 supple
198 1812 323 1856 reddit,
349 1814 375 1845 ς’
391 1814 423 1846 io
449 1812 670 1854 riquardum
698 1812 731 1845 in
759 1812 812 1853 lei,
838 1810 938 1855 idest,
958 1810 986 1845 si
1014 1813 1047 1845 et
1068 1809 1214 1854 quando

45 1873 256 1909 deiiciebam
285 1872 434 1907 oculum
454 1871 489 1905 in
510 1871 621 1916 ipsam
650 1881 796 1914 aquam.
818 1871 860 1904 Et
881 1859 1000 1905 subdit
1028 1869 1213 1914 quomodo

47 1944 85 1968 se
111 1931 284 1977 disposuit
310 1931 355 1965 ad
383 1929 577 1965 videndum
598 1930 810 1974 perfectius:
831 1932 866 1964 et
888 1930 964 1963 vult
983 1929 1143 1964 breviter
1161 1928 1215 1963 di-

47 2002 131 2028 cere
159 1992 193 2026 in
220 1992 364 2035 ell'eetu,
393 1989 489 2035 quod
511 1989 597 2023 dum
625 1989 949 2034 appropinquasset
968 1988 1046 2033 plus
1064 1988 1109 2022 ad
1129 1998 1216 2023 can-

47 2051 192 2087 delabra
214 2051 371 2086 firmavit
388 2060 554 2096 gressum
575 2059 683 2083 suum
707 2048 751 2082 ad
773 2048 977 2083 videndum.
998 2047 1088 2083 Dicit
1107 2058 1213 2094 ergo:

47 2112 138 2146 diedi
163 2115 270 2154 sosta,
293 2110 393 2155 idest,
422 2108 584 2154 requievi
613 2111 648 2143 et
677 2107 845 2143 revocavi
866 2107 1058 2152 incessum,
1072 2118 1139 2152 per
1159 2118 1216 2141 ve-

48 2173 111 2207 der
138 2173 272 2215 meglio,
300 2181 364 2216 per
396 2168 665 2215 proximitatem
703 2178 745 2203 ea
779 2178 861 2212 quae
896 2167 1056 2203 videram
1095 2167 1216 2202 minus

112 2299 138 2329 (¹)
156 2300 180 2323 S.
199 2306 212 2322 e
232 2302 284 2326 1¹7,
303 2300 400 2323 viderit.
587 2297 614 2326 (¹)
632 2299 684 2325 1¹7.
702 2304 800 2321 earum.
