1737 2836
506 183 645 209 CANTUS
672 184 816 210 SEXTUS.
1184 177 1253 210 2459

73 255 322 292 dentissimam
352 255 556 301 utilitatem,
585 246 1037 293 scilicet'meliorationem
1062 257 1117 292 sui
1140 261 1255 293 status

73 319 110 352 et
136 315 394 351 exaltationem
422 316 590 361 honoris3
613 317 660 352 ita
687 317 785 362 qnod
813 317 907 353 bene
937 317 1088 353 reddidit
1115 317 1256 353 duode-

72 376 143 411 cim
171 386 237 421 pro
264 375 402 411 decem.
431 376 473 410 Et
501 376 536 411 in
564 376 634 412 line
661 377 888 412 Justinianus
925 378 1038 424 tangit
1067 388 1254 413 recessum

71 436 210 481 Romei,
229 436 351 471 dicens
372 436 407 471 in
426 436 788 472 commendationem
808 437 907 473 eius:
940 441 975 473 et
1004 438 1061 473 ille
1081 438 1256 482 Romeus,

68 498 212 541 pat-tissi
242 497 326 540 indi,
364 496 498 531 scilicet
525 506 545 531 a
573 497 718 541 comite,
746 497 815 532 hoc
848 497 955 542 sacto,
992 509 1125 542 pavero
1153 510 1170 533 e
1199 509 1256 533 ve-

72 560 173 599 tusto,
201 556 301 600 idest,
330 566 441 591 senex
469 558 505 591 et
531 566 682 602 pauper,
711 556 797 602 quia
825 557 910 591 nihil
932 558 1179 602 acquisiverat
1209 569 1253 593 ex

72 616 179 652 tantis
213 616 410 661 laboribus,
449 616 514 651 nisi
555 617 726 652 invidiam
763 620 799 652 et
833 617 1000 663 gloriam,
1032 617 1127 652 sicut
1160 618 1254 653 bene

71 676 160 712 dixit
195 675 312 722 Scipio
346 676 536 711 Africanus
564 676 599 711 in
626 677 731 711 simili
763 687 849 712 casu
877 687 963 712 cum
992 680 1180 723 peteretur
1206 678 1252 712 ab

72 746 116 772 eo
145 736 236 771 ratio
263 746 520 782 expensarum.
544 736 646 772 Unde
673 737 772 772 dicit:
796 749 813 771 e
834 739 907 772 se'l
927 739 1055 772 mondo
1073 747 1211 782 sapesse
1231 739 1255 772 i!

71 807 156 831 cuot-
183 797 316 840 clz’eyle'
342 797 433 839 ebbe,
454 796 555 842 idest,
576 807 688 842 quam
716 800 884 832 constans
912 799 947 832 et
974 797 1113 842 patiens
1142 797 1254 832 fuerit

72 857 107 892 in
137 860 235 892 tanta
262 857 474 903 indignitate
503 857 669 902 sortunae,
694 858 922 892 mendicando
947 867 1011 891 sua
1041 858 1123 900 vila,
1150 857 1252 901 idest,

71 917 238 953 ducendo
266 928 371 952 suam
406 917 518 952 vitam
552 928 616 963 per
648 917 852 953 mendicata
885 916 1060 963 suffragia
1097 927 1254 962 pauper-

71 978 164 1022 cule,
192 988 214 1012 α
238 979 353 1022 frusto
380 989 403 1012 a
426 980 553 1023 frusto,
574 978 674 1022 idest,
699 988 795 1013 nunc
825 988 909 1013 cnm
938 977 1018 1022 islo,
1046 987 1143 1012 nunc
1166 987 1252 1011 cum

72 1037 142 1082 illo,
171 1048 217 1073 ne
243 1038 303 1072 diu
333 1038 485 1073 serviret
513 1038 617 1073 alteri
651 1037 799 1073 domino
828 1037 982 1083 ingrato,
1011 1039 1119 1077 assai,
1148 1036 1251 1081 idest,

72 1097 186 1141 multi,
221 1099 254 1131 lo
288 1099 384 1141 locta,
418 1108 439 1133 a
472 1097 668 1132 virtutibus
703 1097 912 1141 manifestis,
950 1108 967 1131 e
995 1095 1054 1141 pii}
1087 1099 1119 1131 Io
1155 1098 1253 1131 lode-

70 1157 182 1201 rebbe,
211 1157 239 1192 si
267 1157 400 1192 scirent
429 1168 511 1202 quie
539 1157 707 1203 ignorant
734 1157 779 1192 de
806 1167 860 1192 eo.
889 1158 931 1192 Et
960 1157 1010 1192 sic
1038 1160 1133 1202 nota,
1153 1156 1251 1201 quod

71 1217 156 1251 nihil
184 1217 314 1252 scitum
343 1217 407 1251 suit
434 1217 478 1251 de
507 1217 645 1252 Romeo
669 1221 705 1252 et
728 1217 807 1252 eius
829 1217 900 1252 vita
922 1217 977 1252 vel
997 1217 1068 1252 fine
1091 1220 1170 1262 post
1191 1226 1250 1251 re-

71 1286 215 1311 cessum
244 1276 342 1320 eius,
371 1276 431 1312 sed
459 1288 479 1312 a
510 1277 632 1311 multis
651 1277 809 1312 creditus
832 1281 885 1312 est
912 1277 967 1313 vir
990 1277 1249 1321 sanctissimus,

71 1336 133 1381 qni
161 1336 237 1371 sine
264 1336 372 1371 dnbio
400 1340 479 1372 erat
506 1337 790 1382 sapientissimus
814 1341 849 1372 et
869 1337 1174 1372 virtuosissimus:
1196 1340 1252 1371 ta-

73 1406 157 1431 men
185 1396 339 1441 videtur,
368 1397 464 1442 qnod
500 1401 609 1432 autor
641 1397 733 1432 bene
768 1397 909 1432 noverit
944 1397 1130 1432 residuum
1167 1396 1251 1431 vitae

73 1456 174 1492 istius
212 1457 382 1501 hominis,
419 1457 481 1492 sed
517 1457 661 1502 reliquit
696 1458 798 1492 nobis
834 1457 1138 1504 investigandum.
1175 1457 1249 1491 Deo

72 1517 218 1563 gratias.
