1737 2836
387 277 525 302 chrcs
552 275 741 301 VIGESIML‘S
767 274 909 300 SExTUs.
1162 267 1227 299 131

59 354 252 396 conceptos
271 361 315 386 ex
335 350 465 385 Jasone
484 349 681 384 transmisit
701 348 849 384 alendos
866 348 911 383 ad
930 351 1071 394 patrem
1087 348 1231 382 Thoan—

61 413 135 446 tem
162 410 207 445 ad
234 410 389 445 insulam
417 408 559 453 Chium,
588 418 698 453 quem
727 418 765 443 se
792 408 963 444 occidisse
992 408 1230 443 simulaverat

61 473 271 506 constructo
300 479 406 516 rogo:
433 471 558 514 postea
585 478 670 502 cum
700 468 928 503 manifestato
954 468 1012 513 pio
1041 468 1138 502 furto
1164 477 1232 502 suo

62 529 253 576 Hypsypile
273 529 415 575 fugeret
433 527 469 562 in
488 527 656 562 navicula
674 537 695 561 a
714 527 840 562 furore
859 527 1107 572 foeminarum,
1126 529 1232 572 capta

62 600 83 625 a
117 589 240 635 piratis
271 589 354 624 data
390 590 444 623 est
470 587 637 633 Lycurgo
678 586 755 633 regi
795 586 954 631 Nemaeo,
982 587 1087 622 cuins
1119 587 1235 622 insan-

63 649 161 683 tulus
188 649 435 684 Archemorus
462 646 678 682 commissus
707 649 760 681 est
788 656 888 681 curae
920 646 1030 691 ipsius
1058 646 1232 681 mulieris.

62 708 113 743 Eo
140 711 306 753 tempore
333 707 506 742 Adrastus
534 716 598 741 rex
626 706 840 752 argivorum
865 716 950 740 cum
970 708 1109 750 septem
1137 704 1234 750 regi-

62 767 130 802 bus
152 767 255 802 duxit
272 764 307 811 (¹)
329 766 532 802 exercitum
552 769 679 801 contra
697 765 855 809 Thebas,
876 768 911 800 et
930 774 1014 800 curn
1035 764 1145 799 nimia
1165 764 1234 799 sic-

62 827 169 863 citate
195 826 444 863 deficientibus
471 826 575 871 aquis
601 825 737 870 ubique
755 835 882 860 omnes
904 825 1114 860 laborarent
1133 834 1234 859 mor—

63 886 166 922 tifera
193 887 259 931 siti,
293 886 485 933 Hypsypile
521 885 689 931 precibus
715 884 867 929 Adrasti,
896 884 1021 919 relicto
1053 884 1087 918 in
1121 883 1233 929 pratis

62 947 215 992 parvulo
243 947 336 982 inter
363 947 482 991 flores,
506 945 567 980 ivit
585 945 630 980 ad
658 944 937 980 monstrandum
956 943 1129 990 Langiam
1153 944 1233 979 fon-

63 1009 148 1051 tem,
168 1006 230 1051 qui
257 1006 355 1041 solus
374 1005 468 1040 inter
486 1005 603 1040 sontes
623 1015 693 1039 non
716 1008 887 1049 aruerat,
907 1004 1011 1039 cuius
1029 1014 1126 1048 aqua
1148 1014 1234 1050 gra-

62 1064 198 1099 tissima
226 1075 354 1100 omnes
380 1067 584 1110 opportune
603 1063 758 1099 recreati
786 1066 869 1098 sunt
896 1066 931 1098 et
958 1063 1038 1098 facti
1067 1062 1232 1108 animosi,

66 1124 166 1160 velut
186 1124 214 1159 si
232 1135 317 1159 cum
336 1134 433 1169 aqua
452 1123 624 1159 bibissent
644 1123 765 1169 ignem
787 1122 879 1157 belli.
903 1122 971 1157 Sed
986 1122 1075 1157 dnm
1094 1123 1233 1168 Hypsy-

67 1184 137 1230 pile
164 1187 331 1220 narraret
352 1184 555 1230 praeteritos
589 1183 732 1218 labores
763 1193 849 1217 suos
876 1182 1013 1228 placido
1041 1182 1128 1227 seni,
1149 1193 1234 1217 nar-

66 1244 245 1280 rationem
268 1244 460 1289 interrupit
479 1254 585 1278 casus
606 1242 747 1278 infelix:
768 1252 852 1277 nam
872 1252 1020 1288 serpens
1039 1242 1132 1276 inter
1151 1242 1236 1278 lier-

64 1304 128 1339 bas
155 1304 340 1339 ludentem
370 1303 638 1338 Archemorum
661 1305 886 1337 mactaverat
913 1301 1067 1336 verbere
1094 1301 1230 1336 caudae.

63 1363 143 1406 Quo
161 1363 286 1399 audito
312 1363 432 1398 infelix
451 1362 644 1408 Hypsypile
663 1372 734 1396 non
754 1361 866 1396 verba
886 1371 957 1395 non
976 1361 1157 1407 lacrymas
1179 1360 1235 1395 in-

64 1423 162 1458 venit
197 1423 327 1468 primo,
359 1422 421 1458 sed
452 1422 575 1457 oscula
609 1425 772 1465 tantum,
805 1420 950 1455 tandem
985 1431 1055 1455 vox
1089 1421 1237 1468 fatigata

64 1482 199 1527 dolore,
220 1485 333 1517 totam
361 1482 500 1528 sylvam
520 1481 672 1526 replevit
693 1481 854 1516 clamore
874 1481 1081 1525 miserabili,
1103 1491 1237 1516 vocans

64 1552 222 1588 puerum
250 1541 394 1577 dulcem
423 1540 620 1587 imaginem
655 1540 826 1585 filiorum,
860 1540 1022 1576 solamen
1050 1541 1174 1586 patriae
1201 1544 1237 1577 et

66 1611 191 1637 rerum
226 1611 393 1645 suarum,
421 1603 457 1636 et
489 1610 564 1635 suae
598 1600 783 1635 servitutis
819 1600 1008 1636 honorem.
1046 1601 1237 1646 Lycurgus

65 1671 154 1696 vero
182 1661 235 1696 ira
262 1664 297 1696 et
329 1660 455 1696 furore
486 1670 662 1695 accensus
696 1659 862 1695 mittebat
893 1659 938 1695 ad
970 1660 1065 1695 illam
1098 1659 1237 1695 interfi-

65 1720 250 1765 ciendam3
271 1720 332 1756 sed
355 1720 508 1766 Tydeus,
531 1719 721 1765 Capaneus
748 1722 783 1754 et
810 1719 868 1755 alii
895 1719 1006 1755 duces
1028 1730 1236 1766 graecorum

67 1783 306 1826 protexerunt
324 1790 426 1815 eam:
447 1779 591 1814 interim
611 1779 741 1814 milites
760 1783 1004 1814 cucurrerant
1027 1779 1071 1814 ad
1100 1783 1236 1815 terram

67 1849 152 1875 cum
180 1839 277 1874 ferro
304 1842 340 1873 et
366 1838 470 1884 igne,
498 1838 559 1873 sed
591 1838 730 1884 sapiens
764 1849 874 1874 senex
908 1839 1082 1874 Adrastus
1116 1839 1237 1874 subito

67 1899 204 1934 intrans
224 1899 440 1933 frementem
462 1898 620 1943 turbam,
636 1899 830 1934 ostendens
848 1899 1078 1945 Hypsypilem
1098 1899 1234 1933 salvam

68 1969 179 2004 quam
207 1968 333 1993 secum
360 1960 581 2003 portaverat,
609 1958 792 1993 revocavit
824 1968 886 1993 eos
912 1958 958 1993 ab
987 1957 1137 1993 excidio.
1166 1957 1235 1993 Sed

68 2018 211 2053 volente
238 2018 309 2053 sato
336 2027 382 2053 ex
410 2020 509 2053 tanto
536 2016 660 2052 dolore
679 2020 714 2052 et
735 2017 865 2052 timore
884 2017 1005 2052 laetitia
1025 2020 1108 2052 nata
1127 2021 1181 2052 est
1202 2021 1238 2053 et

68 2077 248 2123 inopinata
276 2088 366 2123 spes.
395 2077 486 2112 Nam
520 2076 593 2111 duo
621 2076 681 2111 filii
712 2077 922 2122 Hypsypiles
949 2077 1010 2121 qui
1039 2077 1237 2122 quaerendo

68 2141 225 2173 matrem
261 2140 436 2172 venerant
468 2137 653 2172 Nemzram
688 2136 841 2181 noviter,
868 2140 903 2172 et
934 2137 1057 2172 audito
1086 2147 1238 2172 rumore

67 2197 113 2232 de
141 2200 258 2232 morte
285 2196 356 2241 filii,
377 2196 497 2232 statim
526 2196 667 2232 iverant
686 2207 770 2231 cum
791 2197 959 2243 Lycurgo
978 2197 1013 2231 in
1033 2197 1110 2232 eius
1134 2197 1236 2232 favo-

132 2326 161 2355 (Ἴ
182 2328 225 2350 ¹17
243 2333 256 2350 e
274 2327 302 2350 E.
321 2327 437 2350 ducebat.
