1766 2856
521 239 565 269 22
884 242 1086 268 COMENTUM
1113 241 1331 267 PURGATORII

516 452 680 485 CANTUS
705 453 936 484 VIGESIMUS
961 452 1194 490 SECUNDUS,
1220 453 1254 483 in
1278 462 1336 492 qno
1361 453 1509 483 tractavit
1539 452 1694 493 Viryilz'us

594 519 662 540 cnm
685 508 786 539 Statio
811 509 848 539 (Ze
871 508 935 540 loco
958 518 1013 539 sno
1038 508 1133 545 limbi,
1158 510 1187 539 et
1206 507 1243 539 de
1261 508 1368 538 multis
1391 508 1585 547 sapientibus
1609 509 1692 539 anti-

593 565 679 604 qzn's‚·
709 567 737 596 et
765 564 886 595 Statius
915 564 996 595 dixit
1026 563 1159 604 Viryilz'o
1183 564 1308 594 moclmn
1331 574 1397 595 sme
1420 564 1638 601 conversionis,
1665 566 1693 595 et

595 621 674 651 sicut
697 620 818 651 Statius
841 622 1006 650 veneratus
1030 622 1075 649 est
1104 618 1282 659 Viryilimn.

651 752 671 777 Ἰ

595 749 703 831 Gn
736 805 798 829 era
830 795 965 837 l'anyel
989 795 1099 828 dietro
1126 804 1148 827 (ι
1175 795 1235 828 noi
1259 795 1402 828 rimoso.
1432 794 1628 839 Postquam
1656 793 1691 828 in

516 855 732 902 praecedenti
751 854 909 900 capitulo
928 857 1034 899 poeta
1054 857 1177 889 noster
1196 854 1363 889 tractavit
1379 850 1415 898 (⁴)
1436 854 1480 889 de
1503 854 1588 889 vitio
1607 863 1692 899 pro-

515 915 704 961 digalitatis
736 915 770 949 in
803 924 958 960 persona
990 913 1102 958 Statii,
1132 924 1229 949 nunc
1265 917 1533 960 consequenter
1560 914 1596 948 in
1625 915 1692 949 isto

515 975 672 1020 capitulo
692 975 787 1009 XXII
817 974 989 1010 terminat
1010 974 1200 1009 materiam
1222 974 1482 1020 prodigalitatis
1505 974 1539 1009 in
1559 974 1688 1010 eodem

513 1035 652 1081 spiritu,
681 1039 716 1070 et
744 1035 852 1071 intrat
881 1034 1073 1069 materiam
1102 1035 1209 1081 gulae,
1238 1045 1319 1079 quae
1347 1034 1498 1080 punitur
1525 1034 1560 1069 in
1588 1037 1692 1069 sexto

514 1095 662 1130 circulo.
692 1095 733 1129 Et
761 1105 920 1140 praesens
947 1094 1147 1140 capitulum
1182 1098 1297 1139 potest
1328 1094 1490 1129 breviter
1520 1093 1627 1128 dividi
1654 1093 1690 1128 in

516 1159 677 1200 quatuor
705 1157 825 1200 partes
844 1154 1044 1200 generales.
1066 1154 1103 1188 In
1124 1154 1239 1199 prima
1259 1164 1418 1199 quarum
1440 1156 1546 1199 poeta
1568 1156 1691 1188 osten-

514 1215 565 1250 dit
592 1215 748 1260 qualiter
775 1214 945 1260 Virgilius
973 1214 1121 1259 inquirit
1148 1224 1168 1248 a
1196 1214 1308 1249 Statio
1334 1214 1379 1249 de
1398 1213 1491 1248 illius
1511 1213 1585 1249 vitii
1604 1224 1691 1259 pur-

516 1275 672 1321 gatione.
690 1275 727 1310 ln
742 1275 902 1310 secunda
924 1274 998 1320 ipse
1012 1274 1182 1321 Virgilius
1201 1274 1349 1319 inquirit
1368 1274 1413 1309 ab
1432 1274 1560 1310 eodem
1577 1274 1690 1311 Statio

515 1334 560 1370 (le
579 1335 817 1370 conversione
837 1335 914 1370 eius
933 1334 978 1370 ad
998 1334 1105 1370 fidem
1124 1334 1370 1379 christianam,
1386 1334 1454 1369 ibi:
1479 1336 1529 1369 Or
1548 1336 1690 1378 quando

514 1399 547 1430 m
574 1397 731 1430 cantasti.
759 1395 798 1430 In
827 1394 932 1430 tertia
967 1394 1101 1429 Statius
1137 1394 1286 1439 inquirit
1312 1405 1333 1430 a
1361 1394 1509 1441 Virgilio
1536 1394 1581 1430 de
1609 1394 1690 1440 qui-

513 1455 666 1490 busdam
696 1455 809 1500 poetis
837 1455 1048 1499 illustribuS,
1076 1454 1143 1489 ibi:
1178 1457 1225 1488 Tu
1253 1456 1400 1498 dunque.
1429 1455 1466 1489 In
1494 1457 1625 1499 quarta
1653 1458 1689 1490 et

514 1515 638 1551 ultima
668 1515 741 1560 agit
769 1518 804 1549 et
833 1517 963 1549 tractat
989 1514 1034 1549 de
1061 1514 1279 1560 purgatione
1306 1514 1380 1549 vitii
1399 1514 1506 1559 gulae,
1528 1514 1595 1549 ibi:
1622 1517 1689 1549 Ta-

513 1575 651 1608 cevanse?
668 1569 738 1617 yid.
759 1573 810 1608 Ad
830 1573 989 1619 primum
1018 1573 1168 1608 veniens
1195 1573 1286 1617 dico,
1306 1573 1403 1618 quod
1426 1576 1531 1618 poeta
1551 1573 1688 1609 inducit

514 1633 703 1679 Virgilium
733 1633 978 1677 inquirentem
1006 1632 1050 1668 de
1082 1633 1298 1678 purgatione
1329 1632 1450 1677 Statii;
1478 1633 1541 1668 sed
1568 1633 1686 1678 primo

513 1693 729 1729 continuans
757 1703 795 1728 se
822 1692 866 1727 ad
891 1692 1081 1727 materiam
1102 1692 1368 1737 praecedentem
1389 1692 1574 1737 praemittit
1596 1703 1685 1738 pur-

513 1753 697 1799 gationem
726 1763 831 1787 suam
854 1752 986 1787 factam
1006 1752 1052 1786 ab
1071 1752 1202 1797 angelo
1220 1762 1240 1787 a
1263 1752 1346 1786 vitio
1366 1751 1529 1786 avaritiae
1547 1755 1583 1787 et
1602 1762 1687 1797 pro-

513 1812 715 1859 digalitatis.
745 1813 787 1847 Et
813 1812 857 1847 ad
880 1812 1140 1847 declarandum
1170 1822 1306 1847 novum
1337 1812 1486 1847 modum
1508 1812 1687 1848 scribendi

513 1883 587 1917 quo
615 1872 730 1907 utitur
758 1872 813 1907 hic
840 1875 959 1917 poeta,
979 1875 1032 1907 est
1054 1871 1370 1916 considerandum,
1394 1872 1491 1917 quod
1515 1872 1560 1908 de
1583 1882 1688 1908 more

513 1932 591 1967 eius
607 1936 660 1967 est
681 1932 714 1966 in
733 1931 903 1966 omnibus
921 1931 1065 1966 circulis
1080 1932 1176 1966 circa
1193 1931 1302 1967 finem
1318 1931 1551 1967 introducere
1570 1942 1685 1966 unum

511 1992 697 2038 angelum,
724 1992 784 2037 qui
814 1995 946 2037 purgat.
973 2001 1058 2027 eum
1087 2002 1108 2027 a
1142 1991 1228 2026 vitio
1263 1991 1389 2037 punito
1416 1991 1475 2036 ibi,
1503 1995 1538 2026 et
1565 1991 1686 2038 dirigit

512 2051 670 2087 eumad
703 2051 815 2086 alium
852 2051 1044 2086 circulum.
1080 2051 1144 2086 Hic
1176 2054 1300 2086 autem
1337 2050 1582 2096 praesupponit
1619 2051 1685 2086 hoe

512 2112 646 2147 factum
668 2122 763 2155 esse3
784 2112 850 2146 hoe
868 2106 903 2154 (ἢ
925 2114 1050 2146 autem
1072 2111 1153 2146 l'acit
1170 2115 1208 2145 ut
1225 2110 1331 2146 tacite
1349 2110 1409 2145 det
1430 2109 1578 2156 intelligi
1598 2121 1685 2156 pur-

510 2171 693 2218 gationem
721 2181 826 2205 suam
856 2170 910 2205 hic
939 2170 1048 2205 fuisse
1083 2170 1236 2214 facilem,
1270 2170 1317 2205 ita
1352 2169 1448 2214 quod
1476 2169 1579 2214 quasi
1613 2180 1683 2205 non

574 2301 600 2331 ς’)
621 2304 670 2329 117,
690 2302 807 2324 navim-n
824 2304 849 2324 et
867 2300 1046 2323 determinavit
1064 2299 1094 2322 ‹le
1113 2300 1181 2323 vilio.
1308 2300 1333 2328 (²)
1352 2299 1380 2322 E.
1397 2301 1423 2322 et
1440 2299 1489 2321 hoc
1507 2298 1574 2322 facit.
