1737 2836
46 434 209 466 CANTUS
241 432 471 465 YIGESIML‘S
503 431 711 469 QUARTUS,
740 431 791 461 nbi
821 433 937 461 tractat
966 431 1003 462 dc
1034 431 1155 468 eisdem,
1188 435 1216 463 et

126 491 206 521 sicut
228 489 380 520 Forese‘us
404 487 516 518 multos
539 487 662 517 illorum
688 487 860 517 nominavit
883 485 987 516 Danti
1010 489 1037 516 et
1053 487 1215 526 prcece'pne

123 545 362 585 Bonayizmtam
389 542 567 574 Orbiccz‘cmi
590 541 627 572 de
650 541 746 577 Luca,
779 541 832 580 qui
862 541 944 571 dia-it
974 540 1078 571 Danti
1109 541 1216 582 aliqua

123 600 235 640 futura
255 600 293 631 de
315 599 438 630 civitate
454 598 556 635 Lucoe,
574 600 602 628 et
623 597 659 627 de
676 597 749 627 aliis
766 596 887 633 multis;
906 599 934 626 et
951 597 984 626 ins
1007 598 1070 635 fine
1092 597 1215 629 invene-

123 659 199 687 runt
222 655 364 686 arborem
387 655 422 685 in
444 654 496 685 via
520 653 557 684 de
581 663 642 693 qua
666 652 761 683 exivit
783 661 843 682 voa:
866 651 1017 690 qucedam.

121 796 231 878 Ν
249 843 273 876 il
293 842 349 875 dir
367 841 526 883 l’anclar,
546 836 590 874 ne*
605 839 751 873 l'amlar
770 838 817 872 Ιιιὶ
828 834 890 881 piet
905 838 1003 871 lento.
1019 837 1217 882 Postquam

48 902 82 936 in
110 901 326 947 praecedenti
353 900 508 946 capitulo
536 902 640 945 poeta
661 901 784 933 noster
805 897 972 932 tractavit
991 900 1027 932 et
1046 897 1219 932 determi-

47 962 146 997 navit
172 961 217 996 (le
243 960 460 1007 purgatione
485 959 580 1006 gulae
609 968 691 1003 quae
718 957 868 1003 punitur
893 957 927 991 in
947 960 1049 992 sexto
1068 957 1219 1003 circulo,

47 1032 145 1057 nunc
172 1023 438 1066 consequenter
465 1019 500 1054 in
527 1019 593 1053 isto
616 1018 774 1063 capitulo
795 1017 917 1052 XXIIII
941 1017 1015 1063 agit
1034 1020 1069 1051 et
1089 1019 1220 1052 tractat

49 1081 93 1117 de
120 1081 247 1123 eadem
277 1079 441 1124 materia,
471 1089 554 1124 quae
581 1081 633 1114 est.
662 1078 818 1112 multum
848 1077 1003 1123 copiosa,
1032 1077 1067 1111 in
1097 1077 1219 1112 multis

51 1140 128 1176 aliis
155 1140 337 1186 spiritibus
365 1138 567 1183 modernis;
587 1137 642 1173 vel
666 1141 796 1173 tractat
818 1137 862 1172 de
881 1137 950 1172 alia
973 1136 1093 1182 specie
1114 1137 1220 1182 gulo-

49 1210 175 1236 sorum
197 1199 258 1245 qui
278 1200 428 1235 fuerunt
442 1201 626 1234 amatores
641 1197 776 1232 viniEt
795 1206 953 1242 praesens
972 1197 1171 1242 capitulum
1185 1193 1220 1240 (¹)

51 1270 123 1295 non
150 1262 267 1305 potest
285 1258 392 1294 dividi
412 1258 447 1293 in
469 1257 702 1304 paucioribus
720 1267 831 1301 quam
856 1256 1019 1301 quinque
1046 1256 1218 1301 partibus.

50 1320 88 1354 In
115 1319 232 1366 prima
259 1329 419 1364 quarum
447 1316 642 1352 introducit
675 1316 811 1351 dictum
844 1315 1010 1361 spiritum
1038 1315 1173 1351 Foresii
1200 1326 1222 1351 a

51 1390 124 1425 quo
152 1379 299 1424 inquirit
326 1379 370 1413 de
397 1377 555 1423 quadam
584 1386 711 1412 sorore
738 1376 816 1411 eius
844 1379 878 1411 et
907 1375 1124 1420 quibusdam
1152 1386 1222 1422 gu-

50 1440 143 1475 losis.
172 1440 210 1474 In
237 1438 396 1474 secunda
424 1436 619 1472 introducit
646 1436 758 1472 alium
780 1436 946 1481 spiritum
966 1435 1011 1471 de
1030 1436 1223 1472 nominatis

50 1510 114 1546 per
142 1499 330 1534 Foresium
358 1497 421 1542 qui
448 1496 680 1532 commendat
706 1496 824 1541 ipsum
853 1498 1022 1531 autorem
1050 1506 1070 1530 a
1098 1495 1224 1542 singu-

50 1560 116 1596 lari
143 1558 361 1604 eloquentia,
381 1561 416 1593 et
440 1557 601 1592 nominat
629 1556 804 1602 quosdam
830 1556 1031 1602 praecipuos
1055 1555 1223 1591 invento—

51 1630 109 1655 res
128 1619 163 1654 in
182 1619 305 1665 lingua
326 1620 490 1653 materna
506 1612 556 1661 (²),
575 1616 640 1651 ibi:
661 1618 734 1660 Ma,
750 1626 845 1650 come
860 1618 910 1661 sa.
930 1617 969 1650 In
990 1615 1097 1651 tertia
1117 1618 1223 1661 poeta

52 1679 249 1715 revertitur
267 1677 312 1713 ad
327 1676 590 1713 conserendum
610 1686 695 1711 curn
714 1675 873 1721 Foresio,
894 1675 956 1720 qui
977 1675 1138 1720 praedicit
1157 1674 1224 1710 sihi

52 1739 174 1784 aliqua
201 1738 335 1783 futura,
363 1737 433 1772 ibi:
468 1739 499 1771 E
529 1747 622 1771 come
656 1738 781 1770 l’uom.
815 1736 853 1770 In
888 1739 1020 1779 quarta
1055 1734 1226 1770 describit
1270 1724 1273 1725 ⁷

53 1799 161 1834 aliam
192 1797 375 1841 arborem,
412 1800 448 1831 et
480 1796 585 1831 docet
620 1795 806 1841 quomodo
841 1795 1057 1830 refraenatur
1097 1795 1224 1829 vitium

53 1858 161 1905 gulae,
189 1858 252 1892 ibi:
282 1860 312 1891 E
336 1857 487 1903 quando.
515 1856 552 1890 In
581 1856 706 1900 quinta
734 1858 770 1890 et
798 1855 924 1890 ultima
950 1854 1086 1890 inducit
1112 1865 1226 1901 ange—

55 1920 130 1954 lum
159 1917 220 1963 qui
248 1920 381 1962 purgat
407 1916 525 1961 ipsum
552 1926 573 1950 a
601 1915 686 1950 vitio
705 1915 812 1961 gulae,
833 1915 900 1949 ibi:
930 1916 1006 1958 Pol,
1025 1916 1224 1958 rallaryacz’.

54 1978 105 2014 Ad
132 1977 292 2024 primum
320 1976 399 2011 (lico
421 1975 519 2021 quod
538 1978 641 2021 poeta
662 1975 796 2009 inducit
814 1975 935 2010 adhuc
953 1975 1142 2010 Foresium
1164 1974 1227 2020 qui

55 2037 218 2073 nominat
236 2032 270 2080 θ)
298 2035 362 2071 sibi
390 2035 565 2080 quosdam
603 2035 691 2070 alios
725 2035 892 2080 spiritus;
924 2035 984 2070 sed
1017 2035 1135 2081 primo
1162 2045 1227 2080 pro

56 2096 326 2134 continuatione
357 2095 510 2131 ostendit
546 2095 679 2130 bonam
716 2094 984 2140 dispositionem
1023 2095 1225 2140 utriusque.

56 2158 179 2193 Solent
206 2156 301 2192 enim
330 2155 559 2190 ambulantes
578 2155 685 2189 simul
706 2154 889 2189 interdum
916 2155 1095 2190 remorari
1116 2155 1150 2190 in
1171 2155 1227 2190 via

118 2249 144 2278 (¹)
163 2251 214 2277 117,
234 2248 376 2278 capitulum
394 2248 514 2271 dividitur
533 2248 557 2271 in
575 2248 687 2278 quinque
706 2248 827 2278 partibus.
848 2248 875 2271 In
894 2248 975 2278 prima
994 2255 1114 2278 quarum.

119 2287 145 2317 (¹)
163 2288 191 2311 F.
209 2287 340 2311 moderna.
727 2286 753 2315 (⁸)
771 2287 794 2310 S.
813 2287 952 2310 nominavit
970 2286 1023 2310 sibi.
