1766 2856
493 249 563 281 384
888 252 1091 278 coMENTUM
1118 253 1284 278 mmmm

488 328 693 364 machinam
722 325 902 370 contrivit,
922 328 958 360 et
985 325 1073 370 lapis
1100 325 1217 361 sactus
1238 335 1344 361 mons
1368 336 1524 373 magnus
1552 328 1671 373 reple—

487 388 536 423 vit
565 387 772 422 universam
802 389 951 421 terram.
986 385 1128 420 Aurum
1166 385 1348 432 figurabat
1383 396 1540 433 regnum
1567 398 1670 434 assy-

487 448 628 483 riorum
645 445 963 492 opulentissimum
979 449 1015 481 et
1033 445 1273 491 diuturnum,
1293 450 1490 493 argentum
1510 457 1666 494 regnum

488 507 683 543 medorum
712 510 747 542 et
775 516 982 552 persarum,
1006 506 1091 551 quia
1118 506 1212 542 sicut
1238 506 1312 541 duo
1339 507 1488 542 brachia
1516 511 1668 543 vertun-

489 571 549 602 tur
579 567 676 602 circa
709 577 826 601 unum
859 576 934 611 cor,
963 566 1010 601 ita
1052 566 1118 601 ista
1155 566 1228 601 duo
1266 576 1380 613 regna
1420 567 1516 603 circa
1551 578 1669 602 unum

489 638 635 674 regem:
665 637 811 662 ramum
841 637 998 673 regnum
1027 626 1222 661 Alexandri
1241 626 1371 673 Magni,
1391 627 1489 672 quod
1510 627 1592 663 fecit
1610 637 1670 662 so-

488 699 578 724 num
611 698 789 734 magnum
826 687 919 722 sicut
955 697 1120 732 ramum3
1148 697 1233 721 nam
1266 687 1376 734 graeci
1408 687 1560 723 suerunt
1594 687 1671 724 elo—

488 748 725 794 quentissimi,
754 751 790 783 et
817 747 1028 782 babuerunt
1056 757 1229 793 magnam
1258 747 1400 793 copiam
1428 748 1669 793 scriptorium

487 809 645 853 ferrum,
688 818 844 854 regnum
886 817 1103 851 romanum,
1141 806 1227 852 quia
1264 818 1368 843 more
1406 807 1493 844 ferri
1528 808 1670 844 domuit

485 869 607 903 omnia
637 878 761 914 regna,
786 867 848 903 sed
875 867 911 902 in
939 877 977 903 se
1005 870 1265 913 consumptum
1289 871 1342 903 est
1366 868 1535 915 rubigine
1556 869 1669 905 civilis

485 928 691 973 discordiae,
717 928 814 964 unde
833 928 942 974 pedes
969 937 1211 963 romanorum
1232 928 1334 963 divisi
1355 932 1451 974 sunt,
1471 929 1556 974 quia
1575 929 1668 964 sicut

486 988 625 1024 ferrum
655 992 691 1024 et
723 991 821 1024 terra
854 998 926 1023 non
962 991 1113 1034 possunt
1146 988 1240 1024 inter
1275 998 1313 1024 se
1348 989 1591 1035 commisceri,
1620 989 1668 1025 ita

486 1048 664 1094 principes
692 1048 834 1083 romani
864 1059 935 1083 non
963 1051 1164 1094 potuerunt
1191 1049 1300 1083 simul
1328 1049 1535 1085 convenire.
1562 1048 1667 1095 Lapis

486 1109 546 1144 ille
565 1109 767 1155 figuraliter
792 1109 857 1143 suit
872 1105 907 1153 (¹)
927 1109 1102 1153 Christus,
1122 1109 1184 1154 qui
1205 1109 1354 1144 veniens
1377 1120 1397 1144 a
1420 1113 1556 1155 monte,
1577 1110 1667 1146 idest

485 1180 506 1205 a
535 1169 641 1214 coelo,
669 1169 746 1204 sine
774 1169 955 1214 manibus,
984 1169 1073 1204 idest
1095 1169 1173 1204 sine
1200 1179 1312 1215 opera
1340 1170 1513 1215 humana,
1537 1169 1667 1206 deiecit

486 1240 684 1265 romanum
713 1229 923 1275 imperium,
952 1229 1049 1274 quod
1077 1232 1155 1275 post
1178 1229 1385 1275 Augustum
1407 1230 1582 1276 paulatim
1602 1230 1666 1266 de—

484 1290 641 1334 clinavit,
656 1290 771 1325 donec
786 1289 932 1325 devenit
952 1290 1053 1335 quasi
1073 1289 1117 1325 ad
1139 1290 1236 1334 nibil,
1252 1294 1287 1325 et
1307 1300 1464 1337 regnum
1480 1286 1514 1334 (ἲ)
1536 1290 1664 1326 Christi

484 1354 537 1385 est
564 1354 757 1386 aeternum.
786 1350 864 1386 Rex
892 1350 927 1385 in
957 1349 1027 1385 fine
1064 1360 1210 1385 summe
1242 1350 1434 1385 honoravit
1466 1350 1664 1386 Danielem.

484 1411 586 1447 Modo
612 1411 657 1447 ad
676 1411 902 1457 propositum
922 1411 1007 1446 dicit
1026 1414 1152 1456 poeta:
1175 1412 1331 1445 Beatre'ce
1346 1407 1442 1456 se’si,
1462 1410 1564 1456 idest,
1584 1411 1666 1446 secit

482 1482 520 1507 se
558 1473 678 1517 talem,
716 1473 800 1516 qual
827 1473 872 1517 se'
892 1473 1067 1513 Dant-ello,
1100 1471 1277 1517 propheta
1312 1481 1480 1517 magnus,
1516 1472 1665 1506 levando

482 1533 783 1567 Nabucodonosor
810 1533 929 1576 d'ae'ra,
967 1526 1094 1576 qua<3)
1127 1536 1206 1567 erat
1239 1541 1416 1567 accensus
1449 1536 1576 1567 contra
1608 1542 1665 1567 sa-

480 1592 619 1638 pientes
646 1603 742 1637 suos,
779 1593 849 1635 che,
886 1592 988 1637 idest,
1016 1602 1099 1637 quae
1132 1591 1197 1636 ira,
1225 1593 1349 1626 l'avea
1373 1594 1462 1637 sallo
1494 1594 1666 1637 inyinsla-

482 1657 590 1687 mente
605 1654 699 1697 fello,
723 1652 823 1695 idest,
845 1652 1013 1697 impium,
1036 1651 1215 1696 iniquum.
1240 1651 1281 1685 Et
1309 1651 1365 1686 bic
1393 1656 1478 1687 nota
1507 1652 1664 1697 qualiter

481 1713 692 1757 exemplum
721 1712 877 1747 Danielis
895 1712 989 1746 bene
1012 1711 1094 1746 facit
1114 1710 1159 1746 ad
1183 1711 1420 1757 propositum.
1441 1711 1541 1747 Sicut
1564 1712 1663 1748 enim

480 1775 626 1807 sanctus
643 1766 677 1816 (4)
707 1772 832 1807 Daniel
862 1771 1037 1807 revelavit
1058 1772 1134 1817 regi
1157 1771 1242 1816 (luo,
1266 1771 1400 1807 scilicet
1420 1772 1605 1808 somnium
1628 1776 1664 1808 et

479 1832 830 1878 interpretationem,
847 1843 930 1877 quae
945 1832 1136 1877 aequaliter
1153 1832 1246 1867 scire
1262 1831 1511 1877 desiderabat3
1528 1832 1575 1868 ita
1596 1833 1662 1868 ista

480 1897 602 1928 sancta
630 1893 777 1928 domina
805 1903 888 1938 quae
916 1892 1016 1927 novit
1043 1896 1183 1928 secreta
1213 1892 1247 1926 in
1276 1892 1362 1937 Deo,
1387 1893 1563 1928 revelavit
1589 1892 1663 1928 duo

479 1953 588 1989 dubia
616 1953 737 1988 autori
765 1963 848 1999 quae
875 1953 1067 1998 {equaliter
1093 1952 1288 1998 appetebat
1307 1952 1441 1997 quibus
1467 1952 1663 1998 perturba—

478 2013 588 2050 batur
616 2013 651 2048 in
680 2017 813 2059 mente,
834 2013 928 2049 sicut
952 2023 1014 2049 rex
1043 2013 1192 2057 iniuste;
1215 2015 1250 2048 et
1270 2012 1363 2048 sicut
1392 2022 1455 2047 rex
1486 2012 1579 2048 facta
1603 2022 1663 2048 re-

478 2074 660 2110 velatione
687 2085 834 2110 summe
856 2074 1018 2109 laudavit
1037 2073 1236 2118 Danielem,
1256 2073 1319 2118 qui
1338 2076 1462 2118 postea
1486 2072 1662 2108 revelavit

478 2134 544 2169 sibi
571 2135 640 2169 alia
669 2135 821 2179 somnia,
845 2135 894 2170 ita
922 2135 1055 2177 Dantes
1083 2133 1176 2169 sacta
1198 2132 1443 2168 declaratione
1462 2132 1659 2167 dubiorum

541 2250 566 2278 (¹)
586 2250 614 2272 E.
633 2250 680 2273 suit
700 2250 768 2273 Dcus
786 2253 873 2274 noster
890 2253 916 2273 et
934 2250 1060 2273 Dominus
1077 2249 1151 2272 Jesus
1169 2248 1293 2276 Christus,
1313 2250 1364 2280 qui.

541 2286 570 2317 (²)
590 2288 616 2310 F„
636 2295 744 2317 rognum
764 2289 867 2312 Domini
885 2289 966 2312 nostri
982 2288 1042 2311 Jcsu
1061 2288 1155 2311 Christi
1173 2290 1218 2311 esl-

542 2326 568 2355 (5)
586 2326 615 2349 E.
633 2327 691 2357 quia
709 2329 765 2350 crat
782 2334 905 2350 accensus
923 2328 960 2350 ira
977 2330 1076 2350 contra.
1269 2326 1295 2356 (¹)
1312 2326 1342 2350 E.
1360 2327 1463 2357 spiritns
1481 2326 1600 2352 Danielis.
