1737 2836
644 127 792 178 ‘Qum-‘4
815 169 861 179 Ἡ,

785 205 810 212 a.

478 188 614 214 cmrus
1161 178 1230 211 237

56 263 137 298 licet
164 266 247 298 sunt
267 262 438 298 subiectae
458 262 509 297 eis
532 266 720 307 tamquam
740 261 879 297 ancillae
899 261 1144 296 ministrantes
1167 261 1227 296 eis.

54 323 144 358 Dicit
175 334 287 370 ergo:
322 324 473 357 ond’elli
508 333 530 356 α
567 333 644 357 me:
676 323 814 368 supple,
852 321 1021 368 Virgilius
1056 321 1168 357 dixit:
1204 324 1233 356 le

55 387 192 428 quallro
228 385 345 418 cln‘are
379 385 482 426 stelle,
519 382 618 427 idest,
656 382 809 418 virtutes
844 382 1024 428 praedictae
1060 382 1229 426 morales,

54 443 187 489 quibus
225 447 412 489 tamquam
448 443 573 488 prunis
607 443 727 478 anima
764 443 859 477 bona
896 443 1109 487 adornatur,
1138 442 1231 478 sicut

54 513 186 549 corpus
214 503 444 549 componitur
472 513 516 538 ex
545 505 704 547 quatuor
723 502 925 546 elementis,
944 503 1002 536 che
1021 503 1137 537 vedent
1155 507 1229 537 sla-

54 574 169 608 mane,
197 564 231 598 iu
259 566 341 598 ortu
364 572 521 607 aurorae,
549 572 613 597 son
640 563 676 597 dt
694 557 728 596 lt}
755 562 866 605 basse,
894 561 1039 606 scilicet,
1060 562 1128 597 sub
1156 562 1230 597 istis

56 624 184 669 tribus,
213 634 230 657 e
257 627 381 667 queste,
409 623 553 668 scilicet,
582 626 666 668 tres,
693 632 757 657 son
787 623 885 657 salice
915 623 1071 656 ov’eran
1106 624 1227 666 quelle,

54 684 199 728 scilicet,
220 684 264 719 ad
284 687 450 719 nostrum
472 684 594 729 polum
615 683 868 718 antarcticum.
890 682 991 717 Unde
1013 682 1123 718 debes
1143 692 1231 718 con-

55 743 215 779 siderare
243 743 340 788 quod
361 743 529 789 Virgilius
557 743 618 788 qui
639 753 736 777 nunc
758 742 920 787 loquitur
940 745 993 778 est
1016 742 1050 777 in
1072 742 1143 778 alio
1166 743 1231 778 lie·

54 804 225 850 misperio
252 803 415 849 opposito
435 808 558 839 nostro
575 815 583 849 ς
603 803 683 839 ideo
710 803 814 849 polus
841 802 1075 847 antarcticus,
1095 803 1157 848 qui
1177 807 1231 838 est

54 863 156 899 nobis
184 863 361 908 occultus,
389 867 467 898 erat¹
494 873 672 909 apparens
700 862 763 907 eis,
792 866 827 897 et
854 866 933 898 erat
960 863 1064 908 polus
1099 872 1228 898 eorum

54 924 190 968 lucens,
220 923 304 968 quia
329 927 555 959 recesserant
581 934 602 958 a
631 923 781 958 tenebra
810 922 982 958 vitiorum
1016 922 1128 957 nostri
1167 923 1232 958 be-

54 983 288 1029 misperii.—
306 986 413 1018 Come.
436 983 499 1018 Hic
526 987 632 1029 poeta
660 983 828 1018 describit
855 983 1054 1018 adveutum
1082 994 1231 1029 serpen-

55 1043 108 1088 tis,
129 1054 238 1088 quem
262 1054 372 1088 supra
391 1043 533 1079 dixerat
551 1043 736 1079 Sordellus
755 1053 835 1079 esse
854 1047 1053 1078 venturum
1078 1044 1122 1079 ad
1151 1048 1231 1080 teu-

56 1103 227 1138 tatiouem
255 1103 476 1138 animarum.
506 1104 545 1138 Et
574 1103 693 1149 primo
724 1103 808 1139 dicit
842 1103 1027 1148 quomodo
1062 1104 1231 1151 Virgilius

55 1162 252 1198 ostenderit
270 1163 389 1209 ipsum
418 1164 495 1209 sibi,
519 1164 615 1199 unde
643 1164 749 1199 dicit:
773 1165 906 1198 com’zsso
929 1165 1098 1210 partam,
1129 1165 1230 1210 idest,

55 1222 142 1257 dum
170 1222 220 1258 sic
248 1223 426 1268 loquebar
453 1234 538 1259 cum
568 1223 727 1270 Virgilio,
747 1234 764 1257 e
783 1224 941 1258 sot-dello
960 1234 982 1258 a
1000 1235 1036 1259 se
1053 1226 1079 1259 il
1105 1228 1229 1269 arasse,

55 1282 200 1328 scilicet,
220 1283 336 1328 ipsum
359 1283 561 1330 Virgilium,
581 1285 726 1319 dicendo
742 1296 752 1317 .·
772 1284 846 1318 Dedi
864 1278 899 1317 [ἁ
918 1285 943 1318 il
958 1288 1080 1319 nostro
1103 1295 1230 1320 avver-

55 1353 154 1387 saro,
186 1343 331 1388 scilicet,
367 1347 573 1389 serpentem
610 1343 840 1387 tentationis,
875 1354 892 1377 e
926 1339 1052 1378 drizzd
1086 1346 1112 1379 il
1145 1346 1229 1390 dito,

55 1402 249 1438 ostendens
275 1403 341 1438 sibi
369 1403 490 1439 locum
511 1404 607 1440 unde
627 1404 806 1449 veniebat,
825 1402 952 1449 perche*
969 1399 1003 1438 [ἀ
1022 1406 1230 1447 quardasse.

57 1463 97 1497 Et
125 1463 173 1498 sic
202 1467 284 1498 nota
313 1464 410 1508 quod
439 1474 523 1499 cum
552 1464 710 1499 strictius
737 1464 964 1510 disponimur
992 1464 1037 1499 ad
1066 1469 1233 1501 contem-

58 1524 230 1569 plandum
253 1524 404 1559 virtutes
422 1524 560 1559 divinas
580 1534 662 1569 quae
682 1534 747 1559 nos
769 1524 908 1560 ducunt
926 1524 971 1559 ad
997 1525 1126 1567 Deum,
1147 1530 1234 1562 tune

55 1583 220 1619 diabolus
244 1583 439 1619 studiosius
458 1584 584 1619 nititur
604 1594 668 1619 nos
689 1594 864 1620 revocare
884 1584 1018 1620 insidiis
1037 1585 1137 1620 suis:
1152 1586 1233 1622 ideo

56 1643 150 1679 bene
177 1647 281 1689 poeta
305 1643 406 1690 fingit
434 1644 531 1689 quod
556 1648 642 1680 sunt
661 1645 807 1680 retracti
831 1655 851 1679 a
871 1645 1178 1691 contemplatione
1196 1643 1231 1690 (¹)

57 1703 200 1738 illarum
231 1703 433 1749 stellarum,
452 1707 488 1740 et
513 1715 534 1739 a
562 1704 744 1740 locutione
771 1714 883 1749 quam
905 1704 1084 1740 faciebant
1102 1705 1147 1741 de
1169 1706 1231 1741 eis.

57 1763 100 1798 Et
126 1763 298 1799 continuo
326 1763 495 1799 describit
522 1774 604 1810 quae
624 1768 703 1800 erat
730 1764 795 1799 ista
823 1775 983 1810 serpenS,
1007 1768 1043 1801 et
1070 1766 1178 1811 unde,
1199 1770 1234 1801 et

58 1822 215 1868 qualiter
242 1823 420 1859 veniebat.
441 1824 531 1859 Dicit
558 1834 671 1871 ergo:
691 1834 762 1859 una
788 1825 893 1859 biscz'a
909 1827 1006 1871 forse
1033 1827 1117 1872 qual
1136 1827 1234 1861 diede

59 1885 108 1919 ad
135 1887 208 1919 Ευα
235 1885 261 1918 il
284 1884 358 1919 cibo
385 1894 526 1927 amaro,
546 1884 631 1929 quia
659 1885 770 1919 suasit
798 1888 838 1919 ut
859 1889 1024 1931 gustaret
1053 1886 1098 1921 de
1125 1896 1234 1931 pomo

60 1945 184 1990 vetito,
213 1944 310 1990 quod
339 1944 456 1980 visum
491 1948 545 1979 est
575 1944 681 1980 dulce
715 1948 750 1980 et
783 1955 908 1990 suave,
937 1946 998 1981 sed
1035 1946 1069 1981 in
1102 1946 1233 1982 effectu

61 2004 127 2040 suit
154 2015 323 2040 amarum
345 2008 381 2040 et
400 2005 630 2040 mortiferum
648 2017 656 2049 ;
677 2008 713 2039 et
731 2005 814 2040 dicit
834 2009 1003 2041 notanter
1025 2006 1130 2052 forte,
1151 2007 1235 2053 quia

61 2065 159 2100 nulla
188 2065 336 2100 tentatio
363 2069 480 2110 potest
508 2075 587 2101 esse
614 2065 736 2100 similis
763 2065 822 2111 illi,
846 2076 957 2111 quam
978 2077 1125 2113 serpens
1152 2067 1235 2103 fecit

62 2125 186 2171 primis
220 2125 441 2171 parentibus,
470 2125 602 2171 quibus
635 2125 826 2171 persuasit,
855 2126 951 2171 quod
988 2130 1109 2163 essent
1144 2128 1236 2163 sicut

124 2254 152 2284 (¹)
170 2255 198 2279 E.
217 2256 248 2279 ab
265 2259 369 2286 aspectu
387 2256 500 2281 illarum.
