1737 2836
497 225 635 251 CANTus
660 225 802 251 ptumus.
1167 218 1234 250 331

61 297 253 344 praemium
292 298 508 334 meritorum
541 298 690 343 bomini,
722 298 856 334 scilicet
887 297 1092 334 felicitatem
1130 300 1237 333 aeter-

61 369 158 402 nam,
187 368 298 403 quam
327 357 510 394 constituit
538 358 660 393 electis
687 358 761 393 suis
790 358 825 393 in
852 358 1029 405 paradiso,
1052 358 1096 393 ad
1124 367 1238 402 quem

60 418 169 454 modo
206 418 377 454 tendebat
409 418 552 453 Dantes.
589 418 679 453 Dicit
713 428 803 464 ergo
837 418 1002 454 Beatrix:
1035 420 1086 452 La
1117 418 1239 462 provi-

59 479 199 523 clema,
229 479 375 524 scilicet,
403 478 478 523 Dei,
498 479 555 512 elce
581 482 718 512 commo
741 481 881 523 assella,
913 477 1013 523 idest,
1041 477 1184 513 ordinat
1203 480 1239 513 et

58 537 212 584 disponit
233 537 508 574 universitatem
529 540 787 573 creaturarum
814 537 849 572 in
869 537 1018 582 mundo,
1042 537 1144 572 sicuti
1159 537 1237 583 jam

58 599 196 635 dictum
225 602 289 645 est,
314 600 354 644 fa
380 600 406 634 il
430 600 504 642 εἰεί,
532 598 633 643 idest,
663 608 779 633 unum
808 598 944 633 coelum
972 608 1082 644 super
1109 607 1238 633 omnes

58 660 158 705 alios,
190 670 274 695 cum
313 659 441 695 maiori
479 659 617 704 ordine,
654 658 799 703 scilicet,
836 668 1067 705 empyreum,
1103 668 1239 702 sempre

58 721 182 764 quieto,
214 719 273 754 ubi
293 719 352 755 alii
371 719 453 754 coeli
472 718 564 754 infra
584 718 701 765 ipsum
721 722 807 753 suut
828 728 973 764 semper
992 718 1028 753 in
1048 721 1163 762 motu,
1183 718 1239 751 del

56 790 119 815 suo
143 782 244 824 laune,
264 780 349 826 quia
372 780 510 815 coelum
532 789 749 826 empyreum
771 782 888 814 totum
910 783 964 814 est
983 779 1045 814 lux
1066 782 1101 814 et
1120 788 1238 822 amor,

56 842 113 875 uel
147 842 260 885 quale,
295 840 440 885 scilicet,
474 839 567 876 coelo
601 840 737 885 quieto,
774 841 804 874 st
837 841 935 883 volye
968 840 1056 884 quel,
1092 839 1237 881 scilicet,

56 900 143 936 illud
170 901 319 946 coelum,
349 901 483 936 scilicet
512 900 672 947 primum
703 900 847 945 mobile,
876 900 978 945 idest,
1005 910 1098 935 nova
1119 909 1237 946 spera,

56 961 139 995 c'lza
159 962 322 1005 mayyz'or
337 963 457 1006 srellcz,
473 960 559 1006 quia
578 960 739 996 velocius
756 963 939 1005 movetur,
958 963 999 994 ut
1017 960 1159 995 dicetur
1178 970 1239 995 ca-

56 1020 170 1067 pitulo
185 1021 352 1066 sequenti
372 1024 407 1056 et
426 1020 509 1055 alibi
529 1020 679 1066 plenius.
701 1020 742 1054 Et
757 1018 935 1064 subditstl:
956 1023 987 1054 et
1004 1030 1084 1063 ora,
1104 1019 1238 1055 scilicet

56 1091 154 1116 nuuc
181 1081 225 1116 de
253 1081 433 1126 praesenti,
461 1082 495 1115 [α
524 1078 612 1116 virtu
639 1082 675 1115 cut
702 1082 814 1125 quella
834 1081 959 1123 corda,
978 1080 1123 1125 scilicet,
1147 1079 1237 1115 ordo

55 1140 185 1176 divinae
213 1141 460 1187 providentiae,
487 1142 545 1176 elce
572 1136 624 1175 cu)
650 1142 709 1175 elle
734 1151 868 1185 scocea,
894 1141 940 1175 ab
965 1150 1054 1175 arcu
1084 1150 1163 1184 suo,
1183 1141 1235 1174 cu·-

55 1202 159 1236 7¹izza
179 1202 213 1235 iu
234 1211 341 1245 seyno
360 1202 449 1246 lietu,
476 1201 576 1246 idest,
600 1201 719 1247 dirigit
747 1201 782 1235 in
810 1201 948 1235 bonum
977 1199 1086 1235 finem
1116 1199 1236 1245 praefi—

56 1271 158 1306 xum,
181 1260 273 1296 sicut
299 1261 498 1308 sagiptator
521 1261 698 1307 sagiptam
722 1261 757 1295 in
779 1261 925 1307 signum
948 1260 1154 1306 praefixum,
1174 1270 1234 1294 cen

52 1325 159 1366 porca
194 1318 229 1366 Ιὶ,
262 1322 407 1367 scilicet,
439 1321 485 1357 ad
521 1321 607 1356 illud
639 1321 772 1356 coelum
808 1321 974 1366 quietum
1008 1331 1072 1367 per
1099 1322 1233 1356 scalam

57 1392 190 1417 novem
227 1382 425 1428 graduum,
460 1392 554 1417 come
587 1392 609 1416 α
641 1383 706 1416 suo
737 1383 885 1426 decreto,
923 1381 1024 1426 idest,
1058 1385 1233 1427 tanquam

54 1441 101 1478 ad
120 1442 243 1477 locuni
264 1442 551 1488 praeordinatum
572 1441 709 1477 meritis
729 1441 798 1476 tuis
818 1445 854 1477 et
872 1441 1029 1477 aliorum
1053 1441 1236 1477 virtuoso-

56 1512 151 1537 rum.
168 1502 251 1538 Ideo
271 1502 365 1538 bene
383 1502 466 1538 dicit
486 1502 714 1549 Augustinus
732 1501 912 1547 accipiens
930 1501 1067 1537 dictum
1088 1501 1238 1548 virgilii,

55 1562 82 1597 si
111 1565 227 1608 poetae
254 1562 376 1598 dicere
404 1562 526 1598 licuit:
555 1563 662 1597 trulu'c
680 1572 743 1596 sua
771 1571 936 1606 quemque
963 1563 1136 1605 voluntas,
1164 1572 1236 1597 non

55 1622 250 1659 necessitas
289 1622 350 1658 sed
388 1623 567 1668 voluutas,
609 1633 682 1658 non
723 1622 895 1669 obligatio
936 1622 997 1658 sed
1033 1622 1235 1668 delectatio,

55 1687 192 1729 quanto
220 1694 286 1718 uos
312 1683 440 1719 fortius
467 1683 588 1718 dicere
620 1683 797 1718 debemus
835 1682 944 1718 trahit
972 1683 1160 1718 hominem
1191 1683 1235 1718 ad

56 1743 251 1788 Christum,
274 1743 335 1788 qui
363 1743 564 1778 delectatur
584 1743 736 1778 veritate
754 1738 801 1788 (ᾗ),
826 1742 1060 1787 beatitudine,
1083 1743 1234 1789 justitia,

55 1807 91 1840 et
106 1803 326 1849 sempiterna
343 1803 436 1838 vita?
451 1803 492 1837 Et
507 1803 590 1838 alibi
606 1803 700 1838 idem
716 1803 941 1849 Augustinus
956 1803 1117 1850 allegans
1136 1803 1235 1838 aliud

55 1864 193 1900 dictum
220 1863 416 1910 poeticum,
444 1863 546 1898 dicit:
575 1865 654 1898 Non
680 1864 714 1897 lei
740 1865 798 1907 (μα’
823 1864 994 1907 pecudum
1014 1866 1238 1907 pertractant

55 1935 182 1969 corque
205 1925 388 1968 jecurque,
419 1925 487 1959 Sed
512 1934 660 1967 quorum
694 1924 859 1957 euuuulat
887 1924 1046 1967 prudeus
1074 1933 1234 1967 proecor-

54 1986 114 2020 dia
142 1986 262 2029 virtus,
294 1984 492 2018 Essclucleus
521 1984 672 2028 postcom
699 1983 813 2017 subler
841 1983 952 2017 labem
980 1984 1141 2017 viliorum
1169 1986 1235 2018 Re-

56 2046 159 2089 migio
181 2048 346 2089 poterunt
371 2045 492 2078 coelum
515 2046 703 2088 penetrare
729 2043 891 2087 securum,
913 2043 1060 2077 AEtleera
1086 2053 1147 2077 uec
1172 2053 1235 2077 υα-

55 2116 155 2140 cuum
193 2106 278 2140 Icelt's
306 2108 551 2139 transcurrere
575 2104 699 2148 pennis
715 2116 728 2147 ,·
756 2102 872 2148 qualis
901 2104 999 2138 recte
1027 2113 1124 2138 nunc
1156 2106 1235 2139 erat

55 2169 160 2212 poeta
188 2166 333 2200 Dantes.
355 2185 403 2190 —
425 2167 489 2199 i'er
524 2162 551 2198 θ’.
588 2163 652 2198 Hic
687 2163 831 2198 Beatrix
873 2163 955 2198 facit
990 2163 1233 2209 antiphoram,

119 2297 144 2324 (¹)
161 2295 190 2318 E.
209 2295 242 2318 Et
259 2295 350 2322 subdit,
370 2295 469 2319 dicens:
487 2298 510 2318 et
526 2302 579 2319 ora.
734 2294 759 2323 (³)
778 2294 807 2317 E.
825 2294 928 2317 virtute.
