1766 2856
503 248 573 279 258
862 249 1065 275 COMENTUM
1092 247 1314 274 PURGATORu

504 325 666 371 perbiam
684 326 871 370 potentum
894 321 1139 367 superborum
1157 320 1255 366 quod
1275 320 1358 355 sacit
1380 323 1497 356 tantas
1515 324 1676 367 strages;

502 386 634 420 com'io
661 385 732 418 vidi
749 384 850 418 calar
874 383 997 417 l’uccel
1013 383 1050 416 de·
1071 382 1188 424 Giove,
1209 380 1309 425 idest,
1324 380 1545 416 descendere
1571 380 1677 426 aqui-

504 445 589 489 lam,
617 453 701 489 quae
734 443 865 478 dicitur
891 442 968 478 avis
995 441 1103 486 Jovis,
1131 444 1172 476 ut
1200 441 1336 476 dictum
1366 444 1420 476 est
1446 440 1492 476 lx
1519 441 1677 486 capitulo

504 504 612 539 huius
632 502 849 549 Purgatorii,
869 506 904 537 et
925 501 1067 537 dicetur
1094 501 1138 535 VI
1165 500 1336 546 Paradisi,
1353 511 1421 545 per
1444 501 1591 544 l’arbor,
1618 500 1678 536 cui

505 567 583 600 erat
602 564 769 610 alligatus
784 573 928 606 currus,
943 559 1015 606 qli),
1029 562 1222 606 rompendo
1237 562 1327 596 della
1346 571 1486 605 scorza,
1502 571 1584 606 quae
1599 564 1679 596 erat

504 624 642 669 durior,
669 634 739 658 non
766 624 824 658 che
849 623 1009 666 de’fiori,
1037 622 1126 657 idest
1158 621 1293 656 nedum
1329 620 1374 656 de
1400 620 1549 655 floribus
1577 620 1679 656 novis

505 684 566 730 qui
594 687 698 720 erant
725 683 925 719 teneriores
942 679 991 727 (¹),
1011 693 1028 716 e
1047 683 1131 716 delle
1146 682 1253 726 foylt'e
1272 691 1399 725 nuove5
1420 681 1506 726 quia
1526 691 1597 716 non
1618 691 1678 717 so-

504 744 580 778 lum
601 744 813 779 christianos
833 742 994 777 novellos
1018 751 1134 787 nuper
1157 751 1364 786 conversos,
1385 741 1446 776 sed
1469 741 1578 776 etiam
1600 741 1677 787 Jam

506 803 668 838 firmatos
696 803 730 837 in
759 802 827 837 fide
855 801 1049 847 percussit:
1079 804 1115 836 et
1142 801 1219 836 haec
1248 804 1301 836 est
1328 801 1487 836 secunda
1519 801 1677 835 duarum

506 863 807 908 despoliationum
827 862 872 897 de
891 861 1024 906 quibus
1044 861 1186 896 dicetur
1206 861 1297 896 infra
1317 861 1475 907 capitulo
1499 860 1678 906 proximo.

506 923 642 958 Deinde
667 922 714 957 ab
740 922 873 957 arbore
901 921 1080 956 convertit
1107 921 1202 956 vires
1236 931 1320 956 suas
1352 924 1479 956 contra
1506 930 1679 964 currum3

508 983 603 1018 unde
639 982 741 1017 dicit:
774 994 792 1017 e
823 983 914 1027 ferio
950 983 976 1016 il
1006 991 1128 1024 carro,
1162 981 1307 1026 scilicet,
1335 981 1470 1027 bigam,
1498 991 1561 1016 con
1597 984 1681 1015 lulla

505 1054 569 1077 sua
593 1045 715 1087 forsa,
743 1046 783 1076 ut
810 1041 1075 1077 exterminaret
1102 1041 1293 1076 ecclesiam
1319 1041 1540 1086 primitivam
1576 1039 1680 1075 novi-

507 1107 562 1138 ter
589 1103 839 1149 pullulantem,
867 1102 928 1137 sed
957 1102 1173 1137 subvertere
1205 1112 1276 1136 non
1308 1101 1434 1147 potuit,
1463 1101 1543 1136 ideo
1577 1100 1679 1136 dicit:

507 1165 642 1205 oneret,
662 1163 736 1208 ipse
763 1172 906 1206 currus,
921 1158 1025 1206 pieyo
1051 1172 1146 1196 come
1165 1172 1253 1195 nave
1273 1163 1306 1195 in
1328 1163 1489 1206 fortuna,
1515 1164 1682 1205 tempore

507 1223 748 1269 tempestatis,
781 1225 873 1257 υῑηία
905 1223 988 1256 dall'
1006 1223 1108 1264 oncle,
1145 1221 1246 1265 idest,
1286 1221 1522 1256 fluctuatione
1558 1221 1681 1265 maris,

508 1294 550 1318 or
577 1285 624 1318 (la
652 1284 783 1328 poyye'a
810 1293 853 1317 or
884 1284 930 1317 (la
969 1292 1072 1326 Orza,
1108 1281 1208 1325 idest,
1242 1291 1338 1316 nunc
1370 1281 1415 1316 ab
1448 1291 1521 1316 uno
1556 1281 1682 1325 latere,

508 1354 605 1378 nunc
631 1343 677 1378 ab
704 1343 791 1387 alio,
820 1346 903 1377 sunt
930 1342 1026 1378 enim
1059 1342 1133 1377 duo
1167 1342 1264 1377 fines.
1306 1342 1348 1376 Et
1375 1341 1431 1376 hic
1464 1344 1547 1376 nota
1581 1340 1679 1386 quod

507 1403 674 1438 navicula
703 1403 796 1438 l’etri
826 1402 1021 1447 aliquando
1049 1402 1216 1446 flectitur,
1237 1401 1298 1436 sed
1328 1411 1516 1446 nunquam
1546 1400 1683 1448 mergi-

508 1467 584 1498 tur:
609 1463 704 1498 unde
720 1459 756 1507 θ’)
778 1464 873 1498 mille
893 1462 1124 1498 crudelitates
1144 1462 1296 1497 Neronis
1318 1462 1379 1507 qui
1400 1462 1554 1498 faciebat
1573 1472 1683 1497 omne

508 1524 607 1559 triste
635 1523 831 1559 ludibrium
859 1523 904 1558 de
935 1523 1149 1566 christianis,
1180 1526 1218 1557 ut
1253 1523 1364 1558 refert
1397 1522 1585 1558 Cornelius
1615 1522 1685 1557 Ta-

506 1584 609 1627 citus,
639 1586 805 1628 poterant
834 1592 1022 1626 nunquam
1052 1582 1270 1617 convincere
1291 1582 1380 1625 illos,
1399 1582 1443 1617 de
1471 1593 1545 1627 quo
1573 1582 1684 1617 mira-

507 1643 642 1677 bantur
661 1653 799 1677 omnes.
813 1643 1004 1676 —Poscim
1027 1642 1089 1676 Hic
1109 1645 1214 1686 poeta
1233 1641 1409 1687 descripta
1431 1642 1684 1687 persecutione

508 1703 598 1737 sucta
630 1713 693 1747 per
721 1702 806 1746 vim,
836 1713 931 1737 nuuc
959 1701 1128 1737 describit
1160 1701 1357 1736 secundam
1391 1702 1681 1747 persecutionem

509 1763 640 1797 factam
670 1773 734 1807 per
763 1762 947 1805 fraudem,
977 1765 1011 1797 et
1030 1761 1193 1796 slmiliter
1213 1761 1325 1807 tangit
1345 1761 1412 1796 sub
1436 1761 1552 1807 figura
1571 1772 1685 1808 gene-

511 1823 624 1858 ralem
646 1826 680 1858 et
700 1823 891 1868 pessimam
914 1822 1204 1868 persecutionem
1226 1822 1497 1856 liaerelicornm.
1514 1822 1684 1858 Cessante

511 1883 606 1918 enim
637 1883 889 1928 persecutione
917 1883 1119 1928 principum
1154 1893 1218 1927 per
1245 1882 1533 1927 Constantinum,
1561 1893 1684 1928 coepe-

512 1947 597 1978 runt
630 1944 811 1989 pullulare
845 1944 1000 1978 haereses
1030 1943 1154 1977 niultzu
1182 1946 1216 1977 et
1244 1942 1367 1987 varim,
1404 1954 1495 1988 quas
1510 1938 1544 1987 (³)
1583 1954 1685 1978 com-

512 2004 680 2049 plectitur
706 2004 774 2038 sub
803 2014 874 2038 una
904 2003 1012 2048 vulpe
1040 2003 1281 2038 fraudulenta.
1307 2002 1395 2037 Dicit
1422 2012 1530 2048 ergo:
1560 2004 1684 2037 Pescia

514 2065 581 2098 ride?
608 2075 677 2098 ιιηα
707 2066 815 2108 volpe,
844 2064 943 2107 idest,
974 2067 1158 2098 versutam
1187 2062 1356 2097 astutiam
1387 2063 1587 2097 multorum
1611 2063 1685 2097 hae-

514 2123 724 2167 reticorum,
745 2124 837 2158 sicut
863 2124 1006 2168 Sabelli,
1030 2123 1100 2158 Arii
1130 2126 1165 2158 et
1183 2123 1352 2166 alioruin,
1373 2123 1572 2157 aemulat-si
1593 2123 1683 2157 nella

512 2194 615 2225 cuna,
649 2183 749 2227 idest,
783 2188 947 2219 ventrem
982 2184 1036 2218 vel
1069 2183 1265 2229 gremium,
1294 2182 1378 2227 quia
1417 2182 1575 2218 haeretici
1612 2193 1683 2217 non

576 2313 602 2340 (¹)
620 2313 648 2335 E.
667 2313 804 2336 tenuiores.
868 2313 893 2342 (U
914 2313 942 2336 Ε.
960 2313 1027 2336 unde
1046 2313 1124 2335 nullm
1142 2312 1314 2335 crudelitates.
1390 2310 1415 2340 (⁸)
1437 2313 1487 2339 117,
1506 2317 1568 2341 quas
1587 2317 1684 2334 omnes.
