1766 2856
512 233 583 263 294
906 236 1109 261 COMENTUM
1135 237 1302 262 PARAnlsl

510 310 736 357 Augustinus
764 309 798 344 in
826 309 870 344 de
898 308 1050 344 Civitate
1076 308 1151 354 Dei,
1179 308 1273 344 sicut
1300 313 1411 345 nauta
1438 310 1572 345 navim.
1596 310 1639 344 Et
1660 309 1688 344 si

509 370 678 406 obiicitur
700 369 745 404 de
765 372 864 404 terra
891 378 975 413 quae
997 372 1050 403 est
1072 368 1277 413 immobilis,
1300 368 1496 404 dicendum
1515 373 1569 405 est
1588 369 1687 415 quod

509 433 562 465 est
584 439 714 464 verum
735 428 856 473 quoad
876 431 1030 474 partem,
1052 439 1123 463 non
1144 428 1265 473 quoad
1285 431 1414 463 totum.
1430 429 1483 464 Ex
1507 440 1580 475 quo
1601 439 1690 465 con-

509 489 673 524 funditur
700 489 822 524 nescio
842 489 922 534 quis
945 489 1080 524 Brutus
1102 489 1348 534 philosophus,
1373 489 1436 534 qui
1463 490 1592 525 asserit
1614 493 1689 525 ter—

511 560 589 585 ram
623 550 710 585 salso
738 549 890 594 moveri,
919 553 959 584 ut
986 549 1071 584 dicit
1097 549 1320 593 Macrobius,
1355 548 1418 584 sed
1445 559 1518 584 non
1551 549 1688 584 miran-

509 610 611 654 dum,
627 610 712 655 quia
727 613 810 645 ante
825 609 1018 655 prandium
1039 612 1118 644 erat
1137 609 1382 654 phreneticus,
1397 612 1477 654 post
1492 609 1686 655 prandium

511 670 635 706 ebrius
662 680 707 706 ex
736 670 1012 715 consuetudine,
1032 670 1079 704 ita
1100 668 1197 714 quod
1225 668 1290 703 sibi
1317 668 1510 704 videbatur
1528 669 1688 704 circum-

511 731 597 767 ferri
625 730 798 776 quicquid
824 731 939 766 oculis
967 729 1196 765 occurrebat.
1226 729 1268 763 Et
1295 729 1345 764 sic
1377 729 1458 765 vide
1485 729 1582 774 quod
1611 729 1688 765 fere

510 802 620 827 omne
649 791 805 826 verbum
834 791 935 825 istius
963 790 1077 825 litera&-
1105 789 1212 825 habet
1235 789 1271 824 in
1290 799 1329 825 se
1347 800 1523 835 magnum
1551 793 1688 835 myste-

511 851 606 886 rium
627 850 828 895 inclusum3
845 854 991 894 penetra
1011 861 1028 884 e
1046 851 1233 894 risplemle,
1254 849 1290 884 in
1316 850 1384 884 hoc
1403 849 1517 895 tangit
1539 849 1687 894 amplis—

510 911 638 945 simam
668 913 884 956 potestatem
918 910 1026 944 huius
1058 909 1196 955 glorioe,
1225 918 1308 954 quae
1326 905 1361 953 ς’)
1391 919 1456 954 pro
1489 909 1688 954 capacitate

511 980 634 1005 rerum
664 970 778 1015 replet
805 980 954 1005 omnem
975 972 1198 1013 creaturam,
1215 980 1281 1013 per
1301 970 1518 1013 l'nm'rerso,·
1538 969 1688 1004 univer—

508 1041 589 1065 sum
620 1030 752 1066 dicitur
779 1030 877 1076 quod
905 1030 1064 1065 continet
1083 1029 1217 1074 onmia,
1237 1029 1383 1074 scilicet,
1403 1029 1540 1064 coelum
1561 1032 1596 1065 et
1614 1032 1688 1064 ter-

512 1101 605 1135 ram,
633 1090 738 1126 aliter
772 1094 894 1125 tamen
923 1093 958 1125 et
993 1089 1117 1133 alitem
1150 1089 1230 1124 ideo
1264 1089 1465 1134 prudenter
1501 1089 1616 1124 addit:
1652 1090 1687 1123 in

510 1162 580 1186 ima
597 1155 700 1196 parte
715 1149 787 1195 pie),
818 1162 835 1185 e
861 1161 960 1185 meno
987 1151 1130 1185 aurove.
1159 1149 1261 1184 Unde
1288 1149 1371 1184 volo
1399 1149 1456 1184 hic
1484 1152 1519 1184 te
1547 1152 1685 1193 notare,

511 1211 635 1256 lector,
664 1211 762 1256 quod
789 1209 1103 1256 quemadmodum
1131 1209 1215 1244 dicit
1234 1209 1380 1244 Boetius
1402 1209 1438 1243 in
1457 1219 1524 1244 suo
1542 1208 1587 1244 de
1606 1208 1687 1243 uni-

511 1275 584 1306 tate
611 1275 646 1306 et
673 1271 718 1306 de
746 1281 836 1306 uno:
865 1270 893 1305 si
922 1274 995 1305 tres
1026 1269 1082 1304 vel
1111 1269 1233 1315 plures
1265 1269 1432 1304 fenestrae
1459 1268 1585 1303 vitreae
1612 1278 1685 1303 una

511 1334 588 1376 post
615 1331 723 1366 aliam
752 1334 878 1366 contra
906 1330 1049 1365 radium
1079 1329 1162 1365 solis
1191 1333 1289 1364 recte
1308 1329 1546 1375 disponantur
1568 1329 1604 1364 in
1624 1339 1686 1364 or-

508 1392 602 1436 dine,
623 1395 764 1427 constat
786 1391 884 1437 quod
913 1390 1073 1426 secunda
1102 1390 1222 1425 minus
1245 1389 1371 1436 recipit
1397 1389 1442 1425 de
1468 1390 1550 1425 luce
1573 1399 1684 1434 quam

508 1452 636 1498 prima,
666 1455 701 1487 et.
728 1452 835 1487 tertia
863 1451 985 1486 minus
1013 1461 1124 1496 qnam
1153 1450 1324 1495 secunda,
1352 1453 1388 1486 et
1419 1450 1470 1485 sic
1498 1459 1615 1495 usque
1641 1449 1686 1485 ad

508 1512 674 1547 ultimam
703 1511 741 1546 fit
774 1511 936 1547 defectus
971 1511 1127 1555 luminis,
1161 1520 1233 1545 non
1268 1513 1416 1556 propter
1450 1510 1587 1554 lumen,
1624 1509 1686 1545 sed

506 1575 655 1617 propter
670 1571 941 1617 elongationem
959 1570 1126 1605 fenestrae
1148 1570 1274 1605 vitreae
1293 1581 1313 1605 a
1334 1569 1489 1614 lnmineg
1506 1569 1553 1605 ita
1569 1569 1682 1614 gloria

506 1631 632 1667 aetcrni
660 1631 744 1665 solis
771 1631 852 1676 plus
876 1631 1016 1665 relucet
1035 1630 1070 1664 in
1090 1640 1222 1664 novem
1243 1629 1430 1664 ordinibus
1452 1629 1684 1675 angelorum,

508 1690 627 1725 minus
656 1690 689 1725 in
718 1700 850 1725 novem
879 1690 993 1735 speris
1021 1690 1213 1734 coelorum,
1244 1689 1364 1723 minus
1396 1689 1431 1723 in
1465 1689 1578 1734 speris
1610 1689 1685 1724 ele-

509 1754 731 1795 mentorum,
755 1754 791 1785 et
817 1750 865 1785 ita
883 1750 928 1785 de
947 1750 1099 1785 caeteris.
1121 1749 1296 1792 Quamvis
1319 1749 1415 1785 enim
1435 1749 1553 1795 prima
1573 1759 1684 1784 causa

507 1811 639 1846 existat
656 1811 692 1846 in
712 1810 822 1846 rebus
849 1811 1020 1845 omnibus
1039 1809 1242 1845 secundum
1270 1820 1381 1845 unam
1401 1809 1682 1855 dispositionem,

509 1875 631 1906 tamen
659 1881 894 1916 unaqufeque
928 1881 986 1905 res
1023 1870 1148 1916 recipit
1180 1880 1262 1905 eam
1296 1870 1498 1905 secundum
1532 1869 1682 1904 modum

509 1941 585 1967 suae
612 1931 797 1977 potentiae3
826 1942 911 1966 nam
947 1930 1114 1976 quiedam
1150 1930 1328 1976 recipiunt
1362 1940 1443 1966 eam
1477 1929 1684 1975 receptione

509 1992 626 2037 unica,
644 1991 812 2037 quaedam
830 1991 1084 2037 multiplicatag
1105 1990 1272 2036 qnaedam
1295 1990 1472 2035 recipiunt
1492 1989 1603 2034 ipsam
1626 1999 1684 2024 re—

506 2053 671 2098 ceptione
699 2055 846 2097 aeterna,
868 2051 1036 2097 qnaedam
1066 2050 1276 2096 tcmp‹>1·ali;
1306 2050 1474 2095 quendam
1504 2048 1683 2094 recipiunt

506 2123 587 2148 eam
605 2113 812 2158 receptione
831 2112 1017 2158 spirituali,
1040 2111 1206 2156 quiedam
1224 2109 1421 2156 corporali:
1441 2112 1476 2144 et
1495 2108 1687 2144 diversitas

506 2172 653 2217 quidem
683 2172 888 2218 recipientis
915 2183 987 2207 non
1017 2171 1055 2206 fit
1082 2181 1126 2206 ex
1151 2170 1266 2216 prima
1293 2180 1415 2214 eausa,
1444 2169 1505 2204 sed
1534 2171 1682 2214 propter

569 2303 594 2331 (Ἰ
612 2302 636 2325 S.
654 2303 784 2332 qnoniam.
