1737 2836
349 240 487 265 CANTES
513 239 704 264 YIGESIML'S
730 238 905 270 QL'ARTL'S.
1168 232 1214 265 83

44 322 194 359 pomum
221 312 478 356 desideratum,
505 322 523 346 e
549 313 609 346 nol
634 312 819 345 nasconcle.
844 311 886 345 Et
908 310 965 346 hic
992 314 1077 346 nota
1096 320 1215 355 quan—

44 375 122 407 tum
151 372 374 417 comparatio
401 375 455 407 est
480 371 751 416 propriissima:
781 370 870 406 tales
906 380 1066 415 namque
1098 370 1215 417 gulosi

44 435 128 467 sunt
155 431 288 467 similes
307 430 502 475 infantulis,
522 430 584 475 qui
604 433 810 474 sequuntur
832 440 977 475 semper
999 430 1216 475 passionem,

44 494 80 527 et
112 495 286 536 appetunt
319 490 490 535 quicquid
523 489 643 524 vident
675 489 720 524 de
756 499 861 533 nom,
895 492 930 524 et
962 500 1057 535 saepe
1090 490 1217 525 volunt

45 551 239 587 comedere
258 554 293 586 et
311 550 446 586 bibere.
466 550 509 584 Et
527 549 554 584 si
575 553 731 595 negatur
748 545 783 592 (¹),
803 548 854 583 eis
877 549 973 593 quod
992 553 1167 595 appetunt
1180 545 1214 593 (ᾖ)

46 611 164 646 statim
194 611 416 654 cruciantur,
439 610 512 644 imo
540 609 709 644 videntur
735 608 906 643 suffocari
935 612 970 643 et
997 609 1090 643 mori
1114 620 1218 645 more

46 671 309 717 praegnantium
339 669 558 714 mulierum,
579 669 659 704 ideo
678 668 735 703 hic
760 668 848 703 tales
871 667 997 703 molles
1019 668 1218 713 justissime

45 734 261 777 purgantur,
290 730 374 776 quia
409 729 530 765 vident
561 739 684 764 coram
722 727 835 763 oculis
869 727 1061 773 pendentia
1097 738 1217 773 poma,

48 800 113 826 nec
146 790 266 826 valent
298 790 477 836 attingere
509 789 578 834 illa,
606 799 649 824 ex
684 798 757 833 quo
789 787 904 834 magis
936 787 1065 823 crescit
1099 798 1217 833 poena.

48 851 88 885 Et
116 851 229 897 tangit
257 860 440 886 recessum
460 859 590 885 eorum
611 849 748 884 dicens:
768 849 830 892 poi
855 849 886 882 si
909 844 1016 892 part),
1035 847 1093 882 illa
1115 857 1216 894 gens,

47 907 75 946 εὶ
102 922 196 946 come
222 911 410 953 rz'ereclula,
431 909 531 954 idest,
551 909 685 953 sedata,
705 908 809 953 quasi
830 907 935 952 dicat,
955 907 1102 953 fatigata
1121 907 1219 952 quod

50 971 129 1017 plus
149 971 220 1005 non
239 973 391 1015 poterat,
408 969 493 1014 quia
509 969 593 1003 nibil
609 968 931 1003 lucrabatur.—E
947 969 1015 1001 noi.
1032 967 1094 1002 Hic
1113 970 1220 1013 poeta

51 1030 163 1077 tangit
189 1040 377 1065 accessum
406 1039 515 1064 suum
543 1028 587 1063 ad
615 1028 785 1063 arborem
818 1031 898 1073 post
928 1037 1113 1063 recessum
1141 1028 1220 1063 illa—

50 1101 132 1125 rum
161 1090 381 1133 animarum,
402 1092 438 1124 et
464 1087 748 1124 admonitionem
773 1087 903 1122 factam
925 1087 988 1121 sibi
1010 1087 1056 1122 ab
1074 1087 1219 1132 arbore,

48 1150 188 1185 dicens:
217 1160 234 1183 e
260 1151 319 1183 ηοὶ
347 1150 514 1183 venimmo
540 1149 578 1182 al
601 1148 738 1191 arande
759 1148 891 1190 albero,
914 1147 981 1181 sub
1004 1146 1108 1182 cuius
1136 1157 1220 1181 um—

50 1210 115 1245 bra
144 1213 292 1245 manent
319 1209 455 1244 infinita
475 1208 584 1243 millia
607 1208 844 1254 gulosorum,
863 1208 999 1251 adesso,
1027 1207 1126 1252 idest,
1147 1211 1220 1242 sta-

50 1269 125 1314 tim,
161 1269 206 1304 ad
233 1269 416 1313 arborem,
444 1268 542 1303 dico:
571 1269 628 1301 elie
660 1269 745 1301 [(ιηίί
771 1267 909 1311 prieylzt
941 1277 958 1300 e
993 1268 1140 1310 Iam-ime
1169 1268 1221 1301 ri-

49 1330 148 1374 finla,
169 1329 254 1374 quia
275 1339 346 1364 non
366 1328 514 1364 exaudit
533 1327 612 1362 illos
632 1331 801 1373 rogantes
818 1337 902 1361 cum
923 1330 1022 1362 tanta
1039 1327 1221 1372 aviditate,

51 1392 89 1424 ut
112 1389 188 1434 jam
217 1388 353 1423 dictum
382 1391 446 1423 est.
475 1387 518 1422 Et
544 1386 662 1421 subdit
691 1396 817 1421 vocem
850 1385 1056 1421 venientem
1088 1387 1134 1422 ab
1161 1397 1222 1422 ar-

51 1449 151 1492 bore,
179 1458 261 1493 qufe
288 1448 447 1483 dicebat:
477 1450 672 1491 trapassaee
698 1447 784 1480 ollre
819 1456 927 1480 senza
959 1448 1057 1491 sarm*
1084 1457 1221 1491 presso,

51 1508 193 1553 scilicet,
222 1518 333 1553 prope
361 1507 531 1542 arborem
565 1517 757 1552 magnam:
786 1509 821 1541 et
853 1506 933 1541 vide
965 1506 1121 1551 qualiter
1150 1516 1220 1541 vox

52 1567 116 1602 ista
143 1570 317 1603 consonat
343 1577 427 1602 cum
452 1576 541 1602 voce
569 1566 696 1612 primae
721 1565 882 1610 arboris3
912 1565 969 1600 ilia
997 1565 1092 1600 euim
1113 1565 1220 1600 dixit:

51 1627 95 1662 de
122 1628 190 1662 boc
217 1627 287 1662 cito
315 1626 490 1662 habebitis
517 1626 720 1670 caristiam,
744 1625 807 1660 ista
837 1636 925 1661 vero
944 1625 1047 1660 dicit:
1069 1636 1140 1660 non
1160 1636 1224 1672 ap-

51 1687 300 1733 propinquetis
317 1682 351 1730 (3)
380 1687 425 1722 ad
452 1696 615 1732 pomum,
639 1685 851 1731 pestiferum
883 1685 979 1721 enim
1000 1689 1053 1721 est
1072 1689 1223 1732 gustan-

52 1747 167 1791 tibus3
196 1747 275 1782 ideo
302 1747 415 1793 tangit
441 1747 613 1783 continuo
641 1746 818 1792 originem
843 1746 932 1791 eius,
952 1745 1094 1781 dicens:
1122 1748 1223 1790 leyno

53 1805 71 1842 e*
91 1804 152 1850 piei
178 1817 231 1850 su,
259 1807 295 1841 in
322 1806 533 1842 summitate
560 1806 703 1850 montis,
731 1809 772 1840 ut
799 1806 932 1851 patebit
959 1816 1026 1841 suo
1053 1806 1143 1851 loco,
1166 1807 1225 1842 che

50 1868 89 1912 fu
117 1876 234 1900 morso
261 1867 307 1900 cla
335 1868 422 1910 Eva,
457 1876 540 1910 quae
566 1865 771 1911 degustavit
805 1865 849 1901 de
884 1876 993 1911 pomo
1026 1865 1137 1900 vetito
1163 1876 1224 1900 ar-

54 1926 151 1960 boris
177 1925 334 1960 scientiae
362 1925 446 1960 boni
482 1928 517 1960 et
543 1925 639 1969 mali,
667 1935 684 1958 e
711 1928 829 1968 questa
861 1926 984 1969 pianla
1017 1926 1047 1958 si
1077 1921 1150 1959 lero
1176 1925 1225 1959 da

53 1996 140 2028 esso,
167 1985 311 2029 scilicet,
338 1984 444 2031 ligno.
474 1985 571 2019 Bene
598 1984 692 2029 dicit,
713 1984 796 2029 quia
816 1979 849 2028 θ)
872 1984 907 2019 in
928 1984 1045 2029 primo
1069 1987 1152 2019 nata
1171 1987 1225 2019 est

53 2045 150 2091 gula,
169 2045 271 2090 quasi
287 2044 379 2079 dicat
396 2044 521 2081 tacite:
541 2044 670 2089 vitetis,
692 2043 825 2089 miseri,
847 2043 975 2079 vitium
994 2044 1102 2090 gulae,
1126 2043 1223 2088 quod

55 2104 120 2139 suit
147 2104 360 2150 principium
388 2104 630 2139 damnationis
649 2103 798 2138 humani
823 2104 977 2149 generis,
998 2104 1079 2139 licet
1098 2107 1224 2150 gusta-

56 2164 104 2199 tio
130 2165 225 2209 pomi
254 2164 399 2210 proprie
426 2175 498 2199 non
526 2163 633 2199 fuerit
661 2174 782 2209 causa,
811 2167 851 2198 ut
877 2163 960 2199 dioit
994 2164 1068 2209 ipse
1097 2163 1224 2208 Adam,

117 2257 143 2285 (¹)
164 2257 189 2280 S.
206 2263 220 2279 e
239 2257 266 2280 Ε.
284 2257 433 2287 denogatur.
725 2256 750 2285 (Ζ,
770 2259 822 2284 117,
841 2259 938 2286 petunt.

118 2295 144 2323 (⁸)
162 2294 190 2317 Ε.
208 2301 258 2317 non
276 2295 484 2325 appropinquate.
725 2294 750 2323 (⁸)
768 2295 796 2318 E.
815 2295 873 2325 quia
891 2295 923 2317 ibi
943 2295 1034 2324 primo.
