1737 2836
359 231 496 256 CANTL'S
523 231 711 257 VIGESIMUS
738 231 898 257 TERTIUS.
1156 226 1199 258 53

33 303 135 339 vultu
163 303 300 338 crudeli
327 303 482 339 ferocior
509 304 721 349 latronibus,
748 304 854 339 dixit:
882 304 975 339 filius
1003 315 1107 340 meus
1134 308 1199 349 est,

34 372 138 398 meus
168 366 306 408 partus,
340 372 465 398 meum
502 366 703 408 peccatum,
731 364 928 409 comedite3
957 374 1041 399 nam
1069 367 1104 399 et
1132 374 1201 410 ego

33 422 132 468 prior
158 423 298 458 comedi
326 432 407 467 quae
433 422 561 468 gemti:
590 423 698 458 nolite
716 421 749 467 ὕ)
784 424 862 459 fieri
893 424 1201 460 misericordiores

33 485 163 527 matre,
190 486 253 517 aut
282 482 428 517 soemina
457 482 641 517 molliores
656 478 703 526 ῥ’).
732 483 781 518 llli
813 487 1011 520 trementes
1039 495 1200 521 recesse-

34 545 130 587 runt,
160 543 255 578 hunc
282 543 399 578 solum
429 542 572 578 miserae
600 543 706 577 matri
735 543 980 588 relinquentes
1004 545 1137 580 cibum.
1157 545 1200 580 Et

34 601 205 637 continuo
234 603 368 648 repleta
399 605 453 638 est
485 602 609 638 civitas
643 603 749 638 flebili
784 614 945 648 rumore7
985 607 1018 639 et
1052 605 1201 649 quilibet

33 660 253 697 abhorrebat
286 662 421 698 sactum
455 663 553 697 velut
587 662 615 697 si
648 662 722 708 ipse
753 662 910 707 fecisset;
942 666 977 698 et
1004 664 1200 699 laudabant

34 724 209 766 mortuos,
219 725 411 767 postquam
428 722 553 756 talium
570 732 696 757 rerum
712 733 784 758 non
796 723 1048 768 polluerentur
1061 723 1199 758 auditu.

32 781 135 816 Nunc
152 781 197 815 ad
216 781 377 817 literam:
404 781 487 816 dicit
507 785 631 827 poeta:
651 784 690 816 Io
709 784 818 826 (licea,
835 785 896 828 fra
922 793 974 817 me
991 787 1096 817 stesso
1109 793 1200 827 pen-

32 842 164 876 sando:
191 852 267 875 ecco
294 843 328 876 [α
355 841 620 887 yente,pe1·fida
643 842 865 888 judaeorum,
895 844 952 877 che
971 841 1081 887 percle*
1096 845 1200 877 Jeru-

32 903 206 945 salemme,
239 901 336 936 unde
366 901 543 947 Josephus
570 902 726 936 narratis
758 901 902 937 infinitis
935 902 1201 937 calamitatibus

33 970 175 1005 eorum,
203 961 404 1005 concludit3
434 965 472 995 ut
499 964 624 996 autem
643 961 803 997 breviter
824 962 955 1006 dicam,
975 972 1094 1007 neque
1113 966 1201 1008 puto

32 1019 141 1055 aliam
170 1019 350 1055 civitatem
382 1030 543 1065 unquam
572 1020 681 1056 fuisse
708 1032 848 1066 passam
878 1022 972 1066 talia,
998 1032 1117 1067 neque
1145 1022 1202 1056 ul-

33 1079 104 1114 lam
134 1079 316 1115 nationem
340 1084 418 1126 post
438 1080 626 1115 hominum
648 1081 865 1116 memoriam
887 1082 1072 1117 ferocioris
1093 1082 1201 1118 fuisse

34 1139 188 1174 malitiae.
217 1139 258 1173 Et
285 1149 370 1174 ecce
398 1140 562 1185 qtlando:
595 1142 741 1182 Quando
768 1143 886 1176 Maria
908 1143 965 1176 uel
980 1144 1077 1186 fiyle'o
1096 1140 1151 1178 die*
1166 1143 1203 1177 cli

33 1199 144 1242 heom,
171 1208 256 1233 cum
283 1199 408 1234 bucca.
438 1199 479 1234 Et
506 1199 555 1234 sic
583 1204 667 1235 nota
696 1201 793 1245 quod
819 1201 909 1236 sicut
926 1196 960 1245 ὅ)
991 1202 1101 1237 Maria
1129 1201 1202 1237 filia

33 1259 193 1294 Joachim
231 1259 377 1294 hebraea
412 1259 497 1294 xidit.
534 1259 646 1294 filium
670 1254 705 1304 ὃ)
743 1270 880 1307 agnum
921 1261 1199 1297 immaculatum

33 1319 228 1354 crudeliter
254 1319 353 1365 affigi
380 1319 476 1365 ligno
503 1319 640 1364 crucis3
676 1320 723 1355 ita
758 1331 854 1356 nunc
889 1321 959 1356 alia
993 1322 1102 1357 Maria
1130 1322 1201 1358 filia

32 1378 194 1414 Eleazari
222 1379 367 1414 hebraea
394 1379 582 1424 proprium
616 1378 729 1413 filium
762 1380 991 1416 innocentem
1025 1382 1202 1417 crudelis-

33 1438 125 1473 simo
150 1438 265 1473 affixit
291 1439 381 1484 spito
416 1442 448 1473 et
477 1439 600 1474 dentes
636 1438 754 1474 iniecit
788 1439 822 1473 in
859 1450 956 1475 eum.
979 1461 1026 1465 —
1046 1444 1200 1477 Parean.

32 1497 96 1532 Hic
122 1500 227 1542 poeta
254 1497 398 1532 adducit
426 1498 568 1533 tertiam
597 1498 907 1544 comparationem
924 1495 960 1543 (5)
983 1500 1027 1535 ad
1050 1502 1202 1537 manite-

34 1557 196 1591 standam
226 1557 381 1592 sormam
410 1557 562 1592 istorum
586 1557 726 1593 dicens:
755 1559 951 1603 l'occlze'aie,
972 1560 1071 1605 idest,
1099 1561 1202 1597 sedes

34 1617 238 1662 oculorum,
263 1628 399 1662 paream
419 1619 533 1652 (mella
559 1628 666 1652 senza
692 1629 836 1663 gemme,
856 1619 953 1664 quod
980 1621 1108 1665 probat
1136 1632 1201 1667 per

34 1676 130 1711 aliud
157 1680 439 1722 argumentum3
460 1678 544 1722 quia
563 1678 631 1723 ille,
651 1679 703 1712 clei
721 1679 816 1722 leyye
839 1689 917 1713 omo
939 1681 995 1714 nel
1016 1682 1087 1715 viso
1109 1683 1202 1725 deyli

36 1738 164 1771 ιιοηῑὶηί
198 1737 279 1771 bene
314 1739 416 1772 acria
453 1739 544 1782 quivi
577 1740 770 1772 conosciuto
806 1740 827 1773 l'
842 1750 957 1774 emme.
995 1740 1069 1776 Hoc
1107 1741 1201 1787 dicit,

34 1796 119 1841 quia
148 1796 240 1830 istud
268 1807 400 1832 nomen
432 1797 542 1832 homo
576 1801 628 1833 est
662 1798 882 1844 descriptum
917 1799 952 1834 in
985 1799 1076 1835 facie
1103 1801 1201 1847 eius3

35 1866 119 1890 nam
148 1855 194 1889 ibi
221 1859 305 1890 sunt
331 1855 403 1890 duo
430 1856 524 1891 oculi
543 1857 635 1892 sicut
656 1857 738 1892 duae
761 1857 885 1903 litei-ee,
906 1870 939 1902 o,
959 1862 994 1894 et
1014 1859 1106 1895 linea
1126 1861 1202 1896 nasi

35 1925 119 1950 cum
135 1914 278 1950 duobus
292 1915 452 1950 arcubus
468 1917 746 1961 superciliorum
764 1917 898 1953 faciunt
918 1918 1073 1954 formam
1094 1920 1202 1956 huius

35 1973 147 2009 literae
174 1977 232 2018 .1[,·
259 1977 295 2009 Η
322 1985 409 2010 vero
441 1986 512 2010 non
544 1979 597 2010 est
625 1976 727 2011 litera
755 1977 817 2012 sed
843 1977 1068 2022 aspirationis
1095 1983 1200 2026 nota3

34 2033 114 2069 ideo
141 2033 243 2069 facile
270 2038 409 2080 poterat
438 2035 517 2080 quis
537 2036 659 2081 legere
687 2038 727 2070 JI
750 2036 785 2071 in
813 2036 902 2073 facie
920 2032 954 2081 ἒ)
976 2038 1127 2074 istorum
1148 2041 1201 2076 sa-

142 2128 170 2150 E.
188 2128 267 2151 nolite
283 2135 346 2159 ergo
363 2129 426 2152 fieri.
615 2128 643 2158 (¹)
662 2129 689 2152 E.
708 2129 836 2153 meliores.

141 2166 168 2189 E.
187 2166 251 2189 sicut
270 2167 450 2197 gloriosissima
469 2167 548 2197 Virgo
566 2167 657 2190 Maria.

142 2204 170 2227 E.
189 2204 269 2227 [ilium
287 2212 361 2228 suum
380 2206 483 2228 unicum
503 2212 606 2235 agnum.

96 2127 123 2156 (¹)

97 2165 123 2194 (⁸)

98 2204 123 2233 (¹)

99 2241 123 2270 (⁵)
143 2243 194 2269 117,
214 2243 432 2271 comparationem
450 2243 575 2272 pulcram.

99 2278 124 2309 (⁸)
144 2280 195 2307 117,
214 2280 237 2303 in
256 2280 337 2303 vultu.
