1766 2856
501 229 570 261 312
895 231 1099 257 COMENTLTM
1126 230 1291 255 mrumst

498 309 593 351 trice,
621 316 704 352 quae
732 304 884 352 parabat
911 304 1048 340 ducere
1075 313 1136 339 me
1169 303 1214 339 ad
1249 302 1522 348 beatitudinem,
1551 304 1678 338 rivolta

496 370 531 404 in
559 370 613 403 sul
638 369 780 402 sinistro
804 366 934 410 fianco,
963 364 1026 400 ubi
1053 364 1172 410 primo
1200 367 1280 399 erat
1308 374 1329 399 a
1356 363 1507 399 dextera
1534 374 1680 409 currus,

500 433 540 464 ut
566 427 680 474 patuit
700 427 735 462 in
756 426 826 461 fine
846 424 1071 472 Purgatorii,
1098 424 1155 460 vel
1180 424 1249 459 hoc
1268 434 1334 470 pro
1356 426 1456 459 tanto
1478 423 1573 469 dicit,
1597 424 1681 469 quia

499 492 603 525 erant
630 487 782 534 oppositi
809 489 934 522 nostro
961 485 1055 531 situi,
1076 485 1124 520 ita
1146 484 1244 530 quod
1264 484 1317 519 sol
1344 484 1418 520 ibat
1444 484 1495 520 eis
1522 484 1568 520 ad
1595 484 1680 519 sini-

500 552 626 594 stram,
650 548 711 583 ubi
740 547 842 583 nobis
871 546 968 582 vadit
986 546 1031 582 ad
1051 545 1241 581 dexteram
1267 544 1388 580 eundo
1411 555 1541 580 versus
1559 545 1682 580 orien-

500 613 586 653 tem,
615 620 632 643 e
657 609 856 652 riffltardar
880 608 936 642 nel
951 608 1035 650 sole,
1059 606 1160 651 idest,
1184 608 1366 641 {eternum
1395 605 1508 641 solem
1532 605 1682 652 justitiae

500 670 630 705 Deum.
659 669 703 704 Et
729 668 843 714 tangit
871 666 1106 714 perspicuum
1129 665 1281 701 modum
1301 676 1378 701 sure
1398 665 1596 701 intuitionis
1618 675 1683 711 per

500 730 659 766 nobilem
688 728 1001 774 comparationem
1031 726 1162 771 aquilae
1187 726 1410 772 respicientis
1434 729 1602 761 nostrum
1622 735 1683 761 so-

500 791 571 826 lem
599 789 818 826 sensibilem.
847 789 887 823 Et
917 790 971 822 est
998 786 1053 821 hic
1074 785 1145 821 fixa
1165 789 1290 822 mente
1312 785 1680 821 animadvertendum
1724 795 1730 802 ²

501 850 598 896 quod
638 849 772 884 Dantes
812 847 937 882 videre
955 843 989 890 (⁴)
1018 856 1103 882 meo
1136 856 1208 881 non
1235 849 1379 892 poterat
1410 846 1531 881 facere
1564 846 1683 892 perse-

500 911 652 946 ctiorem
673 907 987 954 comparationem
1012 916 1079 942 nec
1100 905 1217 953 magis
1236 906 1435 952 propriam,
1459 906 1487 942 si
1510 906 1683 942 volumus

499 970 673 1016 colligere
700 968 838 1003 nobiles
866 966 1105 1014 proprietates
1125 966 1267 1012 aquilae.
1290 966 1420 1012 Aquila
1443 966 1539 1002 enim
1563 966 1683 1012 primo

504 1034 555 1066 est
575 1029 652 1065 avis
668 1038 801 1075 magna
822 1027 937 1072 valde,
966 1027 1045 1062 talis
1072 1030 1125 1063 est
1153 1027 1229 1062 liaec
1251 1037 1356 1063 sacra
1375 1027 1536 1072 scientia,
1557 1029 1592 1062 et
1618 1027 1684 1063 ha-

501 1090 561 1126 bet
588 1089 664 1124 alas
691 1087 796 1124 valde
825 1098 987 1134 magnas,
1012 1090 1173 1122 rostrum
1203 1098 1393 1134 magnum,
1418 1090 1453 1123 et
1482 1087 1592 1123 fortes
1615 1097 1684 1122 un-

501 1160 604 1197 gues,
628 1150 676 1185 ita
703 1149 770 1184 ista
788 1148 911 1194 aquila
934 1147 1061 1183 nobilis
1084 1151 1137 1183 est
1160 1147 1285 1194 regina
1307 1148 1465 1184 aliarum
1488 1147 1613 1184 avium
1633 1142 1682 1192 (²),

500 1211 549 1247 ita
569 1211 636 1246 ista
656 1213 710 1246 est
728 1219 839 1256 super
858 1218 987 1244 omnes
1006 1209 1091 1254 quia
1107 1208 1227 1244 divina
1243 1208 1398 1254 imperat
1417 1212 1453 1244 et
1472 1208 1684 1244 dominatur

500 1271 681 1307 humanis.
710 1270 839 1316 Aquila
867 1270 964 1304 ultra
987 1273 1138 1305 caeteras
1163 1279 1251 1305 aves
1271 1269 1368 1304 volat
1389 1269 1497 1304 altius
1524 1271 1560 1304 et
1587 1268 1686 1304 videt

499 1332 657 1376 acutius,
672 1331 719 1366 ita
733 1326 768 1375 (3)
784 1330 931 1366 Beatrix
951 1330 1027 1365 sola
1045 1329 1208 1365 ascendit
1226 1329 1363 1364 coelum
1384 1331 1420 1365 et
1435 1328 1532 1365 videt
1547 1329 1683 1364 Deum:

499 1392 683 1438 inquisitio
711 1391 808 1427 enim
836 1390 1030 1437 theologiae
1057 1393 1111 1426 est
1138 1399 1250 1426 causa
1275 1389 1518 1436 cognoscendi
1544 1389 1683 1434 Deum3

499 1452 596 1488 unde
624 1451 806 1497 theologia
834 1454 989 1486 vocatur
1021 1450 1171 1485 scientia
1199 1453 1279 1496 post
1306 1453 1492 1495 naturam,
1519 1459 1602 1495 quae
1629 1451 1685 1485 est

500 1512 578 1548 finis
606 1512 841 1548 scientiarum
871 1514 907 1547 et
934 1510 1107 1557 perfectio
1127 1520 1278 1555 earum,
1301 1510 1377 1557 ipsa
1399 1510 1497 1545 enim
1520 1513 1575 1546 est
1602 1510 1682 1546 finis

498 1574 543 1610 ad
572 1583 684 1619 quem
712 1571 826 1608 tendit
854 1571 972 1606 omnis
992 1570 1176 1616 inquisitio
1195 1574 1231 1606 et
1250 1571 1285 1606 in
1305 1581 1349 1606 ea
1370 1571 1533 1616 quiescit.
1553 1570 1684 1617 Aquila

500 1634 575 1669 sola
594 1633 688 1668 inter
710 1642 797 1668 aves
817 1642 889 1667 non
909 1631 1135 1675 fulminatur,
1153 1635 1244 1666 teste
1258 1631 1383 1675 Plinio,
1404 1631 1498 1666 sicut
1517 1642 1584 1667 nec
1603 1632 1684 1667 lau-

500 1704 564 1729 rus
591 1693 685 1729 inter
713 1692 884 1737 arbores;
912 1692 960 1727 ita
992 1691 1059 1727 ista
1077 1685 1111 1735 (⁵)
1142 1691 1236 1726 inter
1264 1691 1433 1726 scientias
1466 1702 1538 1726 non
1566 1695 1684 1737 potest

500 1753 676 1800 eclipsari,
705 1753 797 1789 sicut
828 1756 1016 1788 ostensum
1046 1751 1112 1787 fuit
1138 1752 1167 1786 Il
1195 1751 1353 1797 capitulo
1381 1751 1525 1787 Inferni.
1554 1752 1684 1798 Aquila

500 1814 577 1849 sola
601 1813 734 1849 intueri
753 1816 872 1860 potest
896 1812 1015 1848 radios
1034 1812 1128 1856 solis,
1153 1815 1189 1847 et
1217 1811 1307 1847 filios
1331 1823 1404 1847 non
1426 1812 1589 1849 valentes
1615 1813 1685 1849 hoc

501 1875 621 1910 facere
648 1884 721 1909 non
749 1873 861 1908 nutrit
889 1872 951 1909 sed
979 1873 1141 1919 expellit,
1163 1878 1199 1909 et
1226 1872 1273 1908 ita
1295 1872 1453 1908 Beatrix.
1474 1873 1604 1919 Aquila
1631 1877 1685 1909 est

499 1934 577 1970 avis
598 1934 683 1970 honi
702 1934 849 1980 augurii
870 1944 942 1969 non
961 1934 1080 1968 solum
1100 1932 1197 1979 apud
1216 1936 1353 1979 poetas,
1373 1933 1436 1969 sed
1457 1933 1567 1969 etiam
1587 1934 1685 1980 apud

501 1994 701 2040 historicos,
724 1998 760 2030 et
783 1994 903 2030 adhuc
931 2004 1004 2029 una
1032 2004 1150 2040 penna
1178 1993 1311 2039 aquilae
1338 1993 1532 2029 coniuncta
1560 1994 1684 2030 multis

500 2055 626 2100 pennis
644 2054 783 2091 anseris
799 2054 981 2090 consumit
997 2064 1076 2099 eas;
1096 2057 1131 2089 et
1151 2053 1234 2089 dicit
1249 2053 1420 2088 Albertus
1435 2064 1474 2089 se
1494 2053 1604 2089 fuisse
1618 2064 1684 2090 ex—

561 2148 587 2176 (')
611 2150 628 2175 2,
647 2149 726 2172 videri
745 2155 812 2172 mco.

562 2185 588 2214 (¹)
607 2186 635 2209 E.
654 2188 747 2215 avium,
773 2187 839 2210 sicut
864 2190 902 2211 cst
929 2188 975 2210 isla
993 2180 1097 2211 scientia
1115 2195 1192 2218 super
1210 2194 1300 2211 omnes
1323 2187 1448 2210 humanas
1471 2187 1598 2215 scientias,
1625 2187 1684 2218 quia

501 2224 583 2247 divina
601 2224 710 2254 imperat
729 2228 762 2248 et.

565 2261 589 2291 (¹)
608 2262 637 2285 E.
657 2263 689 2285 ila
709 2263 754 2285 ista
772 2264 876 2287 scientia
895 2264 1006 2287 Beati-ix.

565 2300 589 2330 (ᾗ
610 2301 638 2324 13.
657 2301 691 2324 ita
709 2301 755 2324 ista
772 2302 877 2326 scientia
894 2303 962 2326 inter
978 2303 1104 2327 scientias.
