<?xml version="1.0" encoding="UTF-8"?>
<!DOCTYPE html PUBLIC "-//W3C//DTD XHTML 1.0 Transitional//EN"
    "http://www.w3.org/TR/xhtml1/DTD/xhtml1-transitional.dtd">
<html xmlns="http://www.w3.org/1999/xhtml" xml:lang="en" lang="en">
 <head>
  <title>
</title>
<meta http-equiv="Content-Type" content="text/html;charset=utf-8" />
  <meta name='ocr-system' content='tesseract 3.04.00' />
  <meta name='ocr-capabilities' content='ocr_page ocr_carea ocr_par ocr_line ocrx_word'/>
</head>
<body>
  <div class='ocr_page' id='page_1' title='image "./comentumsuperdan04benvuoft_0353.png"; bbox 0 0 1737 2836; ppageno 0'>
   <div class='ocr_carea' id='block_1_1' title="bbox 501 238 1239 271">
    <p class='ocr_par' dir='ltr' id='par_1_1' title="bbox 501 238 1239 271">
     <span class='ocr_line' id='line_1_1' title="bbox 501 238 1239 271; baseline 0.004 -4"><span class='ocrx_word' id='word_1_1' title='bbox 501 243 639 269; x_wconf 54' lang='lat' dir='ltr'>chTLsss</span> <span class='ocrx_word' id='word_1_2' title='bbox 665 244 807 270; x_wconf 64' lang='lat' dir='ltr'>Primus.</span> <span class='ocrx_word' id='word_1_3' title='bbox 1170 238 1239 271; x_wconf 86' lang='lat'>333</span> 
     </span>
    </p>
   </div>
   <div class='ocr_carea' id='block_1_2' title="bbox 55 313 1240 2221">
    <p class='ocr_par' dir='ltr' id='par_1_2' title="bbox 55 313 1240 2221">
     <span class='ocr_line' id='line_1_2' title="bbox 64 313 1240 363; baseline 0.003 -15"><span class='ocrx_word' id='word_1_4' title='bbox 64 313 193 350; x_wconf 90' lang='lat' dir='ltr'>deinde</span> <span class='ocrx_word' id='word_1_5' title='bbox 219 318 368 360; x_wconf 88' lang='lat' dir='ltr'>propter</span> <span class='ocrx_word' id='word_1_6' title='bbox 396 315 631 361; x_wconf 79' lang='lat' dir='ltr'>multiplicem</span> <span class='ocrx_word' id='word_1_7' title='bbox 661 316 895 363; x_wconf 77' lang='lat' dir='ltr'>indigentiam</span> <span class='ocrx_word' id='word_1_8' title='bbox 929 317 1063 363; x_wconf 87' lang='lat' dir='ltr'>appetit</span> <span class='ocrx_word' id='word_1_9' title='bbox 1099 317 1240 353; x_wconf 80' lang='lat' dir='ltr'>divitias</span> 
     </span>
     <span class='ocr_line' id='line_1_3' title="bbox 63 374 1238 424; baseline 0.003 -15"><span class='ocrx_word' id='word_1_10' title='bbox 63 374 347 410; x_wconf 77' lang='lat' dir='ltr'>instrumentum</span> <span class='ocrx_word' id='word_1_11' title='bbox 384 376 596 421; x_wconf 67' lang='lat' dir='ltr'>voluptatis:</span> <span class='ocrx_word' id='word_1_12' title='bbox 635 376 764 412; x_wconf 86' lang='lat' dir='ltr'>deinde</span> <span class='ocrx_word' id='word_1_13' title='bbox 799 377 954 424; x_wconf 80' lang='lat' dir='ltr'>gloriam</span> <span class='ocrx_word' id='word_1_14' title='bbox 982 378 1238 424; x_wconf 79' lang='lat' dir='ltr'>amplectitur:</span> 
     </span>
     <span class='ocr_line' id='line_1_4' title="bbox 62 434 1240 484; baseline 0.004 -15"><span class='ocrx_word' id='word_1_15' title='bbox 62 437 194 470; x_wconf 89' lang='lat' dir='ltr'>natura</span> <span class='ocrx_word' id='word_1_16' title='bbox 222 434 370 480; x_wconf 90' lang='lat' dir='ltr'>quidem</span> <span class='ocrx_word' id='word_1_17' title='bbox 398 436 514 471; x_wconf 83' lang='lat' dir='ltr'>omnis</span> <span class='ocrx_word' id='word_1_18' title='bbox 543 437 652 472; x_wconf 88' lang='lat' dir='ltr'>homo</span> <span class='ocrx_word' id='word_1_19' title='bbox 692 437 807 472; x_wconf 88' lang='lat' dir='ltr'>laudis</span> <span class='ocrx_word' id='word_1_20' title='bbox 841 442 876 473; x_wconf 90' lang='lat' dir='ltr'>et</span> <span class='ocrx_word' id='word_1_21' title='bbox 908 438 1055 474; x_wconf 84' lang='lat' dir='ltr'>honoris</span> <span class='ocrx_word' id='word_1_22' title='bbox 1089 442 1143 474; x_wconf 87' lang='lat' dir='ltr'>est</span> <span class='ocrx_word' id='word_1_23' title='bbox 1175 448 1240 484; x_wconf 87' lang='lat' dir='ltr'>ap-</span> 
     </span>
     <span class='ocr_line' id='line_1_5' title="bbox 61 495 1238 541; baseline 0.003 -11"><span class='ocrx_word' id='word_1_24' title='bbox 61 497 198 540; x_wconf 85' lang='lat' dir='ltr'>petens,</span> <span class='ocrx_word' id='word_1_25' title='bbox 234 495 319 541; x_wconf 88' lang='lat' dir='ltr'>quia</span> <span class='ocrx_word' id='word_1_26' title='bbox 355 496 472 531; x_wconf 88' lang='lat' dir='ltr'>honor</span> <span class='ocrx_word' id='word_1_27' title='bbox 505 499 559 532; x_wconf 89' lang='lat' dir='ltr'>est</span> <span class='ocrx_word' id='word_1_28' title='bbox 594 497 842 532; x_wconf 87' lang='lat' dir='ltr'>testimonium</span> <span class='ocrx_word' id='word_1_29' title='bbox 871 497 1024 533; x_wconf 84' lang='lat' dir='ltr'>virtutis.</span> <span class='ocrx_word' id='word_1_30' title='bbox 1053 499 1095 533; x_wconf 88' lang='lat' dir='ltr'>Et</span> <span class='ocrx_word' id='word_1_31' title='bbox 1123 498 1238 533; x_wconf 86' lang='lat' dir='ltr'>addit:</span> 
     </span>
     <span class='ocr_line' id='line_1_6' title="bbox 61 555 1238 602; baseline 0.003 -12"><span class='ocrx_word' id='word_1_32' title='bbox 61 555 251 602; x_wconf 71' lang='lat' dir='ltr'>aegritudo,</span> <span class='ocrx_word' id='word_1_33' title='bbox 280 556 447 601; x_wconf 82' lang='lat' dir='ltr'>servitus,</span> <span class='ocrx_word' id='word_1_34' title='bbox 479 556 597 602; x_wconf 86' lang='lat' dir='ltr'>inopia</span> <span class='ocrx_word' id='word_1_35' title='bbox 630 567 756 593; x_wconf 90' lang='lat' dir='ltr'>rerum</span> <span class='ocrx_word' id='word_1_36' title='bbox 794 559 1085 594; x_wconf 85' lang='lat' dir='ltr'>necessariarum</span> <span class='ocrx_word' id='word_1_37' title='bbox 1121 559 1238 594; x_wconf 81' lang='lat' dir='ltr'>abdu-</span> 
     </span>
     <span class='ocr_line' id='line_1_7' title="bbox 61 612 1238 664; baseline 0.003 -14"><span class='ocrx_word' id='word_1_38' title='bbox 61 615 107 651; x_wconf 89' lang='lat' dir='ltr'>cit</span> <span class='ocrx_word' id='word_1_39' title='bbox 125 612 159 659; x_wconf 56' lang='lat' dir='ltr'>U)</span> <span class='ocrx_word' id='word_1_40' title='bbox 184 626 249 651; x_wconf 88' lang='lat' dir='ltr'>nos</span> <span class='ocrx_word' id='word_1_41' title='bbox 275 627 297 652; x_wconf 88' lang='lat' dir='ltr'>a</span> <span class='ocrx_word' id='word_1_42' title='bbox 324 617 425 651; x_wconf 89' lang='lat' dir='ltr'>cultu</span> <span class='ocrx_word' id='word_1_43' title='bbox 446 616 599 662; x_wconf 85' lang='lat' dir='ltr'>virtutis,</span> <span class='ocrx_word' id='word_1_44' title='bbox 620 617 699 652; x_wconf 91' lang='lat' dir='ltr'>ideo</span> <span class='ocrx_word' id='word_1_45' title='bbox 719 621 773 653; x_wconf 89' lang='lat' dir='ltr'>est</span> <span class='ocrx_word' id='word_1_46' title='bbox 791 628 882 664; x_wconf 91' lang='lat' dir='ltr'>opus</span> <span class='ocrx_word' id='word_1_47' title='bbox 902 618 1124 664; x_wconf 81' lang='lat' dir='ltr'>sapientibus</span> <span class='ocrx_word' id='word_1_48' title='bbox 1144 629 1238 664; x_wconf 82' lang='lat' dir='ltr'>prae-</span> 
     </span>
     <span class='ocr_line' id='line_1_8' title="bbox 61 676 1237 724; baseline 0.003 -14"><span class='ocrx_word' id='word_1_49' title='bbox 61 676 286 722; x_wconf 85' lang='lat' dir='ltr'>ceptoribus:</span> <span class='ocrx_word' id='word_1_50' title='bbox 317 676 396 711; x_wconf 91' lang='lat' dir='ltr'>ideo</span> <span class='ocrx_word' id='word_1_51' title='bbox 429 676 568 712; x_wconf 84' lang='lat' dir='ltr'>Socrati</span> <span class='ocrx_word' id='word_1_52' title='bbox 595 688 616 713; x_wconf 92' lang='lat' dir='ltr'>a</span> <span class='ocrx_word' id='word_1_53' title='bbox 644 687 760 723; x_wconf 90' lang='lat' dir='ltr'>puero</span> <span class='ocrx_word' id='word_1_54' title='bbox 787 677 918 714; x_wconf 91' lang='lat' dir='ltr'>dicitur</span> <span class='ocrx_word' id='word_1_55' title='bbox 951 677 1058 714; x_wconf 89' lang='lat' dir='ltr'>datus</span> <span class='ocrx_word' id='word_1_56' title='bbox 1084 679 1237 724; x_wconf 81' lang='lat' dir='ltr'>angelus</span> 
     </span>
     <span class='ocr_line' id='line_1_9' title="bbox 61 736 1236 784; baseline 0.002 -12"><span class='ocrx_word' id='word_1_57' title='bbox 61 746 183 772; x_wconf 86' lang='lat' dir='ltr'>comes</span> <span class='ocrx_word' id='word_1_58' title='bbox 217 736 460 783; x_wconf 85' lang='lat' dir='ltr'>agendorum,</span> <span class='ocrx_word' id='word_1_59' title='bbox 491 740 530 772; x_wconf 89' lang='lat' dir='ltr'>ut</span> <span class='ocrx_word' id='word_1_60' title='bbox 557 737 766 783; x_wconf 86' lang='lat' dir='ltr'>prohiberet</span> <span class='ocrx_word' id='word_1_61' title='bbox 797 748 880 783; x_wconf 76' lang='lat' dir='ltr'>quae</span> <span class='ocrx_word' id='word_1_62' title='bbox 917 737 993 774; x_wconf 82' lang='lat' dir='ltr'>fieri</span> <span class='ocrx_word' id='word_1_63' title='bbox 1022 749 1094 774; x_wconf 90' lang='lat' dir='ltr'>non</span> <span class='ocrx_word' id='word_1_64' title='bbox 1123 749 1236 784; x_wconf 85' lang='lat' dir='ltr'>expe—</span> 
     </span>
     <span class='ocr_line' id='line_1_10' title="bbox 60 796 1235 845; baseline 0.002 -13"><span class='ocrx_word' id='word_1_65' title='bbox 60 796 162 832; x_wconf 86' lang='lat' dir='ltr'>diret.</span> <span class='ocrx_word' id='word_1_66' title='bbox 192 797 234 832; x_wconf 90' lang='lat' dir='ltr'>Et</span> <span class='ocrx_word' id='word_1_67' title='bbox 261 796 453 833; x_wconf 83' lang='lat' dir='ltr'>confirmat</span> <span class='ocrx_word' id='word_1_68' title='bbox 481 797 619 833; x_wconf 90' lang='lat' dir='ltr'>dictum</span> <span class='ocrx_word' id='word_1_69' title='bbox 651 808 760 833; x_wconf 89' lang='lat' dir='ltr'>suum</span> <span class='ocrx_word' id='word_1_70' title='bbox 798 808 863 843; x_wconf 90' lang='lat' dir='ltr'>per</span> <span class='ocrx_word' id='word_1_71' title='bbox 896 809 1007 833; x_wconf 91' lang='lat' dir='ltr'>unam</span> <span class='ocrx_word' id='word_1_72' title='bbox 1042 809 1235 845; x_wconf 80' lang='lat' dir='ltr'>compara-</span> 
     </span>
     <span class='ocr_line' id='line_1_11' title="bbox 60 856 1237 904; baseline 0.003 -13"><span class='ocrx_word' id='word_1_73' title='bbox 60 856 195 892; x_wconf 88' lang='lat' dir='ltr'>tionem</span> <span class='ocrx_word' id='word_1_74' title='bbox 216 858 380 903; x_wconf 89' lang='lat' dir='ltr'>pulcram</span> <span class='ocrx_word' id='word_1_75' title='bbox 400 861 435 893; x_wconf 91' lang='lat' dir='ltr'>et</span> <span class='ocrx_word' id='word_1_76' title='bbox 454 859 656 904; x_wconf 83' lang='lat' dir='ltr'>propriam:</span> <span class='ocrx_word' id='word_1_77' title='bbox 677 862 713 894; x_wconf 90' lang='lat' dir='ltr'>et</span> <span class='ocrx_word' id='word_1_78' title='bbox 732 859 809 894; x_wconf 84' lang='lat' dir='ltr'>vult</span> <span class='ocrx_word' id='word_1_79' title='bbox 827 858 1088 894; x_wconf 81' lang='lat' dir='ltr'>sententialiter</span> <span class='ocrx_word' id='word_1_80' title='bbox 1103 859 1237 904; x_wconf 81' lang='lat' dir='ltr'>dicere,</span> 
     </span>
     <span class='ocr_line' id='line_1_12' title="bbox 59 916 1236 964; baseline 0.003 -13"><span class='ocrx_word' id='word_1_81' title='bbox 59 916 156 961; x_wconf 84' lang='lat' dir='ltr'>quod</span> <span class='ocrx_word' id='word_1_82' title='bbox 176 916 268 952; x_wconf 83' lang='lat' dir='ltr'>sicut</span> <span class='ocrx_word' id='word_1_83' title='bbox 288 917 379 963; x_wconf 84' lang='lat' dir='ltr'>ignis</span> <span class='ocrx_word' id='word_1_84' title='bbox 398 918 460 963; x_wconf 90' lang='lat' dir='ltr'>qui</span> <span class='ocrx_word' id='word_1_85' title='bbox 479 918 696 954; x_wconf 80' lang='lat' dir='ltr'>naturaliter</span> <span class='ocrx_word' id='word_1_86' title='bbox 715 921 769 954; x_wconf 87' lang='lat' dir='ltr'>est</span> <span class='ocrx_word' id='word_1_87' title='bbox 786 922 892 964; x_wconf 88' lang='lat' dir='ltr'>aptus</span> <span class='ocrx_word' id='word_1_88' title='bbox 912 921 1017 953; x_wconf 86' lang='lat' dir='ltr'>natus</span> <span class='ocrx_word' id='word_1_89' title='bbox 1037 919 1236 955; x_wconf 88' lang='lat' dir='ltr'>ascendere</span> 
     </span>
     <span class='ocr_line' id='line_1_13' title="bbox 59 978 1236 1024; baseline 0.003 -13"><span class='ocrx_word' id='word_1_90' title='bbox 59 987 219 1020; x_wconf 89' lang='lat' dir='ltr'>sursum,</span> <span class='ocrx_word' id='word_1_91' title='bbox 243 980 369 1012; x_wconf 85' lang='lat' dir='ltr'>contra</span> <span class='ocrx_word' id='word_1_92' title='bbox 392 980 562 1012; x_wconf 88' lang='lat' dir='ltr'>naturam</span> <span class='ocrx_word' id='word_1_93' title='bbox 578 988 683 1013; x_wconf 86' lang='lat' dir='ltr'>suam</span> <span class='ocrx_word' id='word_1_94' title='bbox 706 978 884 1013; x_wconf 66' lang='lat' dir='ltr'>violenter</span> <span class='ocrx_word' id='word_1_95' title='bbox 905 978 1018 1014; x_wconf 89' lang='lat' dir='ltr'>tendit</span> <span class='ocrx_word' id='word_1_96' title='bbox 1040 978 1236 1024; x_wconf 77' lang='lat' dir='ltr'>deorsum3</span> 
     </span>
     <span class='ocr_line' id='line_1_14' title="bbox 58 1035 1233 1084; baseline 0.003 -14"><span class='ocrx_word' id='word_1_97' title='bbox 58 1035 106 1071; x_wconf 89' lang='lat' dir='ltr'>ita</span> <span class='ocrx_word' id='word_1_98' title='bbox 135 1037 247 1072; x_wconf 84' lang='lat' dir='ltr'>bomo</span> <span class='ocrx_word' id='word_1_99' title='bbox 275 1037 336 1082; x_wconf 88' lang='lat' dir='ltr'>qui</span> <span class='ocrx_word' id='word_1_100' title='bbox 365 1037 580 1073; x_wconf 87' lang='lat' dir='ltr'>naturaliter</span> <span class='ocrx_word' id='word_1_101' title='bbox 607 1041 660 1073; x_wconf 90' lang='lat' dir='ltr'>est</span> <span class='ocrx_word' id='word_1_102' title='bbox 687 1042 793 1084; x_wconf 87' lang='lat' dir='ltr'>aptus</span> <span class='ocrx_word' id='word_1_103' title='bbox 822 1041 928 1073; x_wconf 84' lang='lat' dir='ltr'>natus</span> <span class='ocrx_word' id='word_1_104' title='bbox 958 1038 1158 1074; x_wconf 86' lang='lat' dir='ltr'>ascendere</span> <span class='ocrx_word' id='word_1_105' title='bbox 1188 1039 1233 1074; x_wconf 88' lang='lat' dir='ltr'>ad</span> 
     </span>
     <span class='ocr_line' id='line_1_15' title="bbox 58 1096 1235 1143; baseline 0.002 -12"><span class='ocrx_word' id='word_1_106' title='bbox 58 1096 207 1141; x_wconf 86' lang='lat' dir='ltr'>coelum,</span> <span class='ocrx_word' id='word_1_107' title='bbox 233 1097 504 1133; x_wconf 82' lang='lat' dir='ltr'>accidentaliter</span> <span class='ocrx_word' id='word_1_108' title='bbox 531 1097 682 1133; x_wconf 83' lang='lat' dir='ltr'>reclinat</span> <span class='ocrx_word' id='word_1_109' title='bbox 709 1097 754 1133; x_wconf 86' lang='lat' dir='ltr'>ad</span> <span class='ocrx_word' id='word_1_110' title='bbox 786 1101 922 1133; x_wconf 89' lang='lat' dir='ltr'>terram</span> <span class='ocrx_word' id='word_1_111' title='bbox 952 1101 1084 1143; x_wconf 78' lang='lat' dir='ltr'>praeter</span> <span class='ocrx_word' id='word_1_112' title='bbox 1118 1098 1235 1133; x_wconf 87' lang='lat' dir='ltr'>inten-</span> 
     </span>
     <span class='ocr_line' id='line_1_16' title="bbox 58 1155 1234 1204; baseline 0.003 -14"><span class='ocrx_word' id='word_1_113' title='bbox 58 1155 194 1191; x_wconf 88' lang='lat' dir='ltr'>tionem</span> <span class='ocrx_word' id='word_1_114' title='bbox 223 1159 375 1192; x_wconf 86' lang='lat' dir='ltr'>naturae.</span> <span class='ocrx_word' id='word_1_115' title='bbox 404 1157 495 1192; x_wconf 90' lang='lat' dir='ltr'>Dicit</span> <span class='ocrx_word' id='word_1_116' title='bbox 522 1167 611 1204; x_wconf 89' lang='lat' dir='ltr'>ergo</span> <span class='ocrx_word' id='word_1_117' title='bbox 630 1157 746 1193; x_wconf 85' lang='lat' dir='ltr'>bene:</span> <span class='ocrx_word' id='word_1_118' title='bbox 775 1169 792 1192; x_wconf 81' lang='lat' dir='ltr'>e</span> <span class='ocrx_word' id='word_1_119' title='bbox 812 1159 955 1192; x_wconf 71' lang='lat' dir='ltr'>siccome</span> <span class='ocrx_word' id='word_1_120' title='bbox 981 1159 1085 1193; x_wconf 64' lang='lat' dir='ltr'>ceder</span> <span class='ocrx_word' id='word_1_121' title='bbox 1111 1160 1141 1193; x_wconf 72' lang='lat' dir='ltr'>st</span> <span class='ocrx_word' id='word_1_122' title='bbox 1160 1155 1234 1203; x_wconf 71' lang='lat' dir='ltr'>pito</span> 
     </span>
     <span class='ocr_line' id='line_1_17' title="bbox 58 1218 1233 1264; baseline 0.002 -13"><span class='ocrx_word' id='word_1_123' title='bbox 58 1218 183 1252; x_wconf 81' lang='lat' dir='ltr'>cadere</span> <span class='ocrx_word' id='word_1_124' title='bbox 205 1219 309 1262; x_wconf 75' lang='lat' dir='ltr'>suoco</span> <span class='ocrx_word' id='word_1_125' title='bbox 336 1219 372 1252; x_wconf 79' lang='lat' dir='ltr'>(Ii</span> <span class='ocrx_word' id='word_1_126' title='bbox 396 1218 495 1261; x_wconf 74' lang='lat' dir='ltr'>nube,</span> <span class='ocrx_word' id='word_1_127' title='bbox 532 1218 676 1263; x_wconf 84' lang='lat' dir='ltr'>scilicet,</span> <span class='ocrx_word' id='word_1_128' title='bbox 704 1218 796 1264; x_wconf 82' lang='lat' dir='ltr'>ignis</span> <span class='ocrx_word' id='word_1_129' title='bbox 824 1218 982 1253; x_wconf 77' lang='lat' dir='ltr'>fulminis</span> <span class='ocrx_word' id='word_1_130' title='bbox 1009 1219 1170 1254; x_wconf 84' lang='lat' dir='ltr'>inclusus</span> <span class='ocrx_word' id='word_1_131' title='bbox 1199 1219 1233 1253; x_wconf 89' lang='lat' dir='ltr'>in</span> 
     </span>
     <span class='ocr_line' id='line_1_18' title="bbox 58 1277 1230 1324; baseline 0.001 -13"><span class='ocrx_word' id='word_1_132' title='bbox 58 1280 186 1313; x_wconf 87' lang='lat' dir='ltr'>ventre</span> <span class='ocrx_word' id='word_1_133' title='bbox 214 1277 319 1312; x_wconf 88' lang='lat' dir='ltr'>nubis</span> <span class='ocrx_word' id='word_1_134' title='bbox 339 1278 513 1323; x_wconf 78' lang='lat' dir='ltr'>expulsus</span> <span class='ocrx_word' id='word_1_135' title='bbox 535 1289 557 1313; x_wconf 91' lang='lat' dir='ltr'>a</span> <span class='ocrx_word' id='word_1_136' title='bbox 578 1277 714 1324; x_wconf 87' lang='lat' dir='ltr'>frigore</span> <span class='ocrx_word' id='word_1_137' title='bbox 734 1278 813 1321; x_wconf 88' lang='lat' dir='ltr'>loci,</span> <span class='ocrx_word' id='word_1_138' title='bbox 839 1278 931 1313; x_wconf 89' lang='lat' dir='ltr'>sicut</span> <span class='ocrx_word' id='word_1_139' title='bbox 950 1278 1143 1323; x_wconf 87' lang='lat' dir='ltr'>probatum</span> <span class='ocrx_word' id='word_1_140' title='bbox 1165 1278 1230 1313; x_wconf 90' lang='lat' dir='ltr'>fuit</span> 
     </span>
     <span class='ocr_line' id='line_1_19' title="bbox 57 1337 1229 1384; baseline 0.001 -12"><span class='ocrx_word' id='word_1_141' title='bbox 57 1348 179 1383; x_wconf 88' lang='lat' dir='ltr'>supra,</span> <span class='ocrx_word' id='word_1_142' title='bbox 206 1348 241 1372; x_wconf 83' lang='lat' dir='ltr'>se</span> <span class='ocrx_word' id='word_1_143' title='bbox 269 1339 428 1382; x_wconf 72' lang='lat' dir='ltr'>l&#39;impelo</span> <span class='ocrx_word' id='word_1_144' title='bbox 451 1339 582 1382; x_wconf 77' lang='lat' dir='ltr'>primo,</span> <span class='ocrx_word' id='word_1_145' title='bbox 602 1337 702 1383; x_wconf 87' lang='lat' dir='ltr'>idest,</span> <span class='ocrx_word' id='word_1_146' title='bbox 731 1341 852 1373; x_wconf 84' lang='lat' dir='ltr'>motus</span> <span class='ocrx_word' id='word_1_147' title='bbox 880 1338 1006 1384; x_wconf 85' lang='lat' dir='ltr'>primae</span> <span class='ocrx_word' id='word_1_148' title='bbox 1034 1338 1229 1375; x_wconf 80' lang='lat' dir='ltr'>voluntatis</span> 
     </span>
     <span class='ocr_line' id='line_1_20' title="bbox 56 1396 1231 1443; baseline 0 -10"><span class='ocrx_word' id='word_1_149' title='bbox 56 1400 183 1443; x_wconf 88' lang='lat' dir='ltr'>potest,</span> <span class='ocrx_word' id='word_1_150' title='bbox 216 1397 353 1443; x_wconf 87' lang='lat' dir='ltr'>supple,</span> <span class='ocrx_word' id='word_1_151' title='bbox 388 1397 501 1432; x_wconf 84' lang='lat' dir='ltr'>videri</span> <span class='ocrx_word' id='word_1_152' title='bbox 533 1397 664 1433; x_wconf 87' lang='lat' dir='ltr'>cadere</span> <span class='ocrx_word' id='word_1_153' title='bbox 692 1397 877 1443; x_wconf 88' lang='lat' dir='ltr'>deorsum,</span> <span class='ocrx_word' id='word_1_154' title='bbox 905 1409 928 1433; x_wconf 83' lang='lat' dir='ltr'>a</span> <span class='ocrx_word' id='word_1_155' title='bbox 956 1402 1052 1433; x_wconf 79' lang='lat' dir='ltr'>{erra</span> <span class='ocrx_word' id='word_1_156' title='bbox 1084 1396 1103 1433; x_wconf 68' lang='lat' dir='ltr'>e*</span> <span class='ocrx_word' id='word_1_157' title='bbox 1128 1401 1231 1442; x_wconf 80' lang='lat' dir='ltr'>torto,</span> 
     </span>
     <span class='ocr_line' id='line_1_21' title="bbox 56 1456 1230 1503; baseline 0.001 -11"><span class='ocrx_word' id='word_1_158' title='bbox 56 1457 157 1502; x_wconf 83' lang='lat' dir='ltr'>idest,</span> <span class='ocrx_word' id='word_1_159' title='bbox 173 1467 284 1492; x_wconf 86' lang='lat' dir='ltr'>carne</span> <span class='ocrx_word' id='word_1_160' title='bbox 299 1456 454 1492; x_wconf 88' lang='lat' dir='ltr'>hominis</span> <span class='ocrx_word' id='word_1_161' title='bbox 469 1467 553 1492; x_wconf 91' lang='lat' dir='ltr'>cum</span> <span class='ocrx_word' id='word_1_162' title='bbox 574 1457 709 1503; x_wconf 83' lang='lat' dir='ltr'>impetu</span> <span class='ocrx_word' id='word_1_163' title='bbox 731 1457 892 1503; x_wconf 86' lang='lat' dir='ltr'>depulsa,</span> <span class='ocrx_word' id='word_1_164' title='bbox 908 1459 955 1493; x_wconf 82' lang='lat' dir='ltr'>da</span> <span class='ocrx_word' id='word_1_165' title='bbox 967 1460 1060 1503; x_wconf 79' lang='lat' dir='ltr'>salso</span> <span class='ocrx_word' id='word_1_166' title='bbox 1075 1459 1230 1503; x_wconf 73' lang='lat' dir='ltr'>piacere,</span> 
     </span>
     <span class='ocr_line' id='line_1_22' title="bbox 56 1517 1234 1562; baseline 0.001 -10"><span class='ocrx_word' id='word_1_167' title='bbox 56 1517 157 1562; x_wconf 89' lang='lat' dir='ltr'>idest,</span> <span class='ocrx_word' id='word_1_168' title='bbox 186 1528 207 1552; x_wconf 85' lang='lat' dir='ltr'>a</span> <span class='ocrx_word' id='word_1_169' title='bbox 235 1517 550 1562; x_wconf 85' lang='lat' dir='ltr'>complacibilitate</span> <span class='ocrx_word' id='word_1_170' title='bbox 578 1517 629 1553; x_wconf 90' lang='lat' dir='ltr'>rei</span> <span class='ocrx_word' id='word_1_171' title='bbox 664 1528 775 1562; x_wconf 89' lang='lat' dir='ltr'>quam</span> <span class='ocrx_word' id='word_1_172' title='bbox 811 1521 911 1553; x_wconf 91' lang='lat' dir='ltr'>amat</span> <span class='ocrx_word' id='word_1_173' title='bbox 942 1521 1131 1562; x_wconf 87' lang='lat' dir='ltr'>tamquam</span> <span class='ocrx_word' id='word_1_174' title='bbox 1166 1518 1234 1553; x_wconf 88' lang='lat' dir='ltr'>bo-</span> 
     </span>
     <span class='ocr_line' id='line_1_23' title="bbox 57 1577 1231 1624; baseline 0.002 -13"><span class='ocrx_word' id='word_1_175' title='bbox 57 1588 153 1622; x_wconf 85' lang='lat' dir='ltr'>nam,</span> <span class='ocrx_word' id='word_1_176' title='bbox 182 1587 267 1612; x_wconf 91' lang='lat' dir='ltr'>cum</span> <span class='ocrx_word' id='word_1_177' title='bbox 296 1580 419 1612; x_wconf 87' lang='lat' dir='ltr'>tamen</span> <span class='ocrx_word' id='word_1_178' title='bbox 447 1587 519 1613; x_wconf 91' lang='lat' dir='ltr'>non</span> <span class='ocrx_word' id='word_1_179' title='bbox 546 1577 601 1622; x_wconf 85' lang='lat' dir='ltr'>sit,</span> <span class='ocrx_word' id='word_1_180' title='bbox 630 1577 664 1612; x_wconf 90' lang='lat' dir='ltr'>in</span> <span class='ocrx_word' id='word_1_181' title='bbox 688 1588 760 1623; x_wconf 90' lang='lat' dir='ltr'>qua</span> <span class='ocrx_word' id='word_1_182' title='bbox 780 1581 833 1613; x_wconf 86' lang='lat' dir='ltr'>est</span> <span class='ocrx_word' id='word_1_183' title='bbox 852 1578 937 1613; x_wconf 88' lang='lat' dir='ltr'>falsa</span> <span class='ocrx_word' id='word_1_184' title='bbox 958 1578 1119 1624; x_wconf 76' lang='lat' dir='ltr'>felicitas,</span> <span class='ocrx_word' id='word_1_185' title='bbox 1139 1579 1231 1613; x_wconf 88' lang='lat' dir='ltr'>sicut</span> 
     </span>
     <span class='ocr_line' id='line_1_24' title="bbox 56 1637 1230 1684; baseline 0 -11"><span class='ocrx_word' id='word_1_186' title='bbox 56 1637 235 1673; x_wconf 89' lang='lat' dir='ltr'>subtiliter</span> <span class='ocrx_word' id='word_1_187' title='bbox 262 1637 428 1683; x_wconf 85' lang='lat' dir='ltr'>probavit</span> <span class='ocrx_word' id='word_1_188' title='bbox 455 1640 561 1683; x_wconf 87' lang='lat' dir='ltr'>poeta</span> <span class='ocrx_word' id='word_1_189' title='bbox 589 1637 624 1673; x_wconf 91' lang='lat' dir='ltr'>in</span> <span class='ocrx_word' id='word_1_190' title='bbox 644 1638 849 1684; x_wconf 87' lang='lat' dir='ltr'>Purgatorii</span> <span class='ocrx_word' id='word_1_191' title='bbox 871 1638 1041 1684; x_wconf 85' lang='lat' dir='ltr'>capitulo,</span> <span class='ocrx_word' id='word_1_192' title='bbox 1070 1638 1130 1674; x_wconf 89' lang='lat' dir='ltr'>uhi</span> <span class='ocrx_word' id='word_1_193' title='bbox 1155 1642 1230 1674; x_wconf 90' lang='lat' dir='ltr'>tra—</span> 
     </span>
     <span class='ocr_line' id='line_1_25' title="bbox 56 1697 1232 1745; baseline 0.001 -12"><span class='ocrx_word' id='word_1_194' title='bbox 56 1697 165 1733; x_wconf 74' lang='lat' dir='ltr'>ctavit</span> <span class='ocrx_word' id='word_1_195' title='bbox 191 1697 235 1733; x_wconf 89' lang='lat' dir='ltr'>de</span> <span class='ocrx_word' id='word_1_196' title='bbox 266 1699 561 1732; x_wconf 74' lang='lat' dir='ltr'>amore—Non</span> <span class='ocrx_word' id='word_1_197' title='bbox 595 1699 658 1733; x_wconf 76' lang='lat' dir='ltr'>clei.</span> <span class='ocrx_word' id='word_1_198' title='bbox 693 1698 757 1733; x_wconf 90' lang='lat' dir='ltr'>Hic</span> <span class='ocrx_word' id='word_1_199' title='bbox 794 1698 922 1734; x_wconf 91' lang='lat' dir='ltr'>ultimo</span> <span class='ocrx_word' id='word_1_200' title='bbox 958 1702 1064 1744; x_wconf 84' lang='lat' dir='ltr'>poeta</span> <span class='ocrx_word' id='word_1_201' title='bbox 1102 1699 1232 1745; x_wconf 88' lang='lat' dir='ltr'>repetit</span> 
     </span>
     <span class='ocr_line' id='line_1_26' title="bbox 56 1757 1231 1804; baseline 0.001 -12"><span class='ocrx_word' id='word_1_202' title='bbox 56 1757 325 1792; x_wconf 90' lang='lat' dir='ltr'>conclusionem</span> <span class='ocrx_word' id='word_1_203' title='bbox 364 1757 554 1803; x_wconf 87' lang='lat' dir='ltr'>probatam</span> <span class='ocrx_word' id='word_1_204' title='bbox 589 1757 634 1792; x_wconf 88' lang='lat' dir='ltr'>ad</span> <span class='ocrx_word' id='word_1_205' title='bbox 671 1767 798 1793; x_wconf 77' lang='lat' dir='ltr'>veram</span> <span class='ocrx_word' id='word_1_206' title='bbox 834 1758 1083 1794; x_wconf 81' lang='lat' dir='ltr'>exclusionem</span> <span class='ocrx_word' id='word_1_207' title='bbox 1119 1758 1231 1804; x_wconf 84' lang='lat' dir='ltr'>dubii,</span> 
     </span>
     <span class='ocr_line' id='line_1_27' title="bbox 56 1816 1229 1863; baseline 0.001 -11"><span class='ocrx_word' id='word_1_208' title='bbox 56 1816 201 1861; x_wconf 86' lang='lat' dir='ltr'>scilicet,</span> <span class='ocrx_word' id='word_1_209' title='bbox 229 1816 327 1861; x_wconf 89' lang='lat' dir='ltr'>quod</span> <span class='ocrx_word' id='word_1_210' title='bbox 354 1816 432 1852; x_wconf 84' lang='lat' dir='ltr'>eius</span> <span class='ocrx_word' id='word_1_211' title='bbox 450 1827 622 1852; x_wconf 88' lang='lat' dir='ltr'>ascensus</span> <span class='ocrx_word' id='word_1_212' title='bbox 648 1817 693 1852; x_wconf 90' lang='lat' dir='ltr'>ad</span> <span class='ocrx_word' id='word_1_213' title='bbox 712 1818 848 1853; x_wconf 83' lang='lat' dir='ltr'>coelum</span> <span class='ocrx_word' id='word_1_214' title='bbox 868 1821 922 1853; x_wconf 84' lang='lat' dir='ltr'>est</span> <span class='ocrx_word' id='word_1_215' title='bbox 945 1818 1132 1863; x_wconf 87' lang='lat' dir='ltr'>naturalis,</span> <span class='ocrx_word' id='word_1_216' title='bbox 1157 1829 1229 1854; x_wconf 93' lang='lat' dir='ltr'>non</span> 
     </span>
     <span class='ocr_line' id='line_1_28' title="bbox 55 1876 1229 1923; baseline 0.002 -12"><span class='ocrx_word' id='word_1_217' title='bbox 55 1876 295 1922; x_wconf 83' lang='lat' dir='ltr'>accidentalis,</span> <span class='ocrx_word' id='word_1_218' title='bbox 312 1886 376 1923; x_wconf 86' lang='lat' dir='ltr'>per</span> <span class='ocrx_word' id='word_1_219' title='bbox 398 1887 509 1912; x_wconf 90' lang='lat' dir='ltr'>unam</span> <span class='ocrx_word' id='word_1_220' title='bbox 530 1877 840 1922; x_wconf 86' lang='lat' dir='ltr'>comparationem</span> <span class='ocrx_word' id='word_1_221' title='bbox 861 1878 1068 1913; x_wconf 88' lang='lat' dir='ltr'>naturalem</span> <span class='ocrx_word' id='word_1_222' title='bbox 1089 1881 1124 1913; x_wconf 90' lang='lat' dir='ltr'>et</span> <span class='ocrx_word' id='word_1_223' title='bbox 1144 1889 1229 1923; x_wconf 89' lang='lat' dir='ltr'>pro-</span> 
     </span>
     <span class='ocr_line' id='line_1_29' title="bbox 56 1935 1229 1983; baseline 0 -11"><span class='ocrx_word' id='word_1_224' title='bbox 56 1937 184 1983; x_wconf 89' lang='lat' dir='ltr'>priam,</span> <span class='ocrx_word' id='word_1_225' title='bbox 213 1947 296 1982; x_wconf 76' lang='lat' dir='ltr'>quae</span> <span class='ocrx_word' id='word_1_226' title='bbox 323 1936 368 1972; x_wconf 91' lang='lat' dir='ltr'>de</span> <span class='ocrx_word' id='word_1_227' title='bbox 394 1946 432 1971; x_wconf 86' lang='lat' dir='ltr'>se</span> <span class='ocrx_word' id='word_1_228' title='bbox 458 1939 567 1982; x_wconf 89' lang='lat' dir='ltr'>patet,</span> <span class='ocrx_word' id='word_1_229' title='bbox 595 1937 735 1972; x_wconf 85' lang='lat' dir='ltr'>dicens:</span> <span class='ocrx_word' id='word_1_230' title='bbox 765 1939 843 1971; x_wconf 81' lang='lat' dir='ltr'>Non</span> <span class='ocrx_word' id='word_1_231' title='bbox 870 1938 924 1972; x_wconf 73' lang='lat' dir='ltr'>dei</span> <span class='ocrx_word' id='word_1_232' title='bbox 948 1935 1010 1982; x_wconf 67' lang='lat' dir='ltr'>piel</span> <span class='ocrx_word' id='word_1_233' title='bbox 1041 1939 1229 1980; x_wconf 75' lang='lat' dir='ltr'>(mzmirar,</span> 
     </span>
     <span class='ocr_line' id='line_1_30' title="bbox 56 1996 1229 2041; baseline -0.001 -9"><span class='ocrx_word' id='word_1_234' title='bbox 56 1997 129 2032; x_wconf 89' lang='lat' dir='ltr'>istis</span> <span class='ocrx_word' id='word_1_235' title='bbox 156 1997 249 2033; x_wconf 89' lang='lat' dir='ltr'>bene</span> <span class='ocrx_word' id='word_1_236' title='bbox 277 1996 522 2041; x_wconf 86' lang='lat' dir='ltr'>consideratis,</span> <span class='ocrx_word' id='word_1_237' title='bbox 551 1998 583 2031; x_wconf 82' lang='lat' dir='ltr'>lo</span> <span class='ocrx_word' id='word_1_238' title='bbox 611 2000 666 2031; x_wconf 76' lang='lat' dir='ltr'>tuo</span> <span class='ocrx_word' id='word_1_239' title='bbox 692 1998 812 2040; x_wconf 74' lang='lat' dir='ltr'>salire,</span> <span class='ocrx_word' id='word_1_240' title='bbox 839 1997 941 2041; x_wconf 87' lang='lat' dir='ltr'>idest,</span> <span class='ocrx_word' id='word_1_241' title='bbox 969 1996 1168 2032; x_wconf 88' lang='lat' dir='ltr'>ascendere</span> <span class='ocrx_word' id='word_1_242' title='bbox 1195 1997 1229 2031; x_wconf 93' lang='lat' dir='ltr'>in</span> 
     </span>
     <span class='ocr_line' id='line_1_31' title="bbox 57 2056 1229 2102; baseline -0.002 -10"><span class='ocrx_word' id='word_1_243' title='bbox 57 2057 204 2102; x_wconf 85' lang='lat' dir='ltr'>coelum,</span> <span class='ocrx_word' id='word_1_244' title='bbox 232 2068 267 2092; x_wconf 79' lang='lat' dir='ltr'>se</span> <span class='ocrx_word' id='word_1_245' title='bbox 293 2057 375 2091; x_wconf 77' lang='lat' dir='ltr'>bene</span> <span class='ocrx_word' id='word_1_246' title='bbox 401 2058 529 2101; x_wconf 71' lang='lat' dir='ltr'>estimo,</span> <span class='ocrx_word' id='word_1_247' title='bbox 557 2056 598 2101; x_wconf 88' lang='lat' dir='ltr'>si,</span> <span class='ocrx_word' id='word_1_248' title='bbox 626 2067 691 2102; x_wconf 88' lang='lat' dir='ltr'>pro</span> <span class='ocrx_word' id='word_1_249' title='bbox 719 2056 816 2101; x_wconf 90' lang='lat' dir='ltr'>quia,</span> <span class='ocrx_word' id='word_1_250' title='bbox 850 2067 886 2091; x_wconf 83' lang='lat' dir='ltr'>se</span> <span class='ocrx_word' id='word_1_251' title='bbox 912 2066 983 2091; x_wconf 75' lang='lat' dir='ltr'>non</span> <span class='ocrx_word' id='word_1_252' title='bbox 1011 2067 1105 2091; x_wconf 81' lang='lat' dir='ltr'>come</span> <span class='ocrx_word' id='word_1_253' title='bbox 1136 2057 1229 2091; x_wconf 79' lang='lat' dir='ltr'>d’un</span> 
     </span>
     <span class='ocr_line' id='line_1_32' title="bbox 56 2116 1229 2162; baseline 0.001 -12"><span class='ocrx_word' id='word_1_254' title='bbox 56 2117 147 2160; x_wconf 79' lang='lat' dir='ltr'>rivo,</span> <span class='ocrx_word' id='word_1_255' title='bbox 169 2117 314 2162; x_wconf 85' lang='lat' dir='ltr'>scilicet,</span> <span class='ocrx_word' id='word_1_256' title='bbox 333 2127 440 2162; x_wconf 82' lang='lat' dir='ltr'>aquae</span> <span class='ocrx_word' id='word_1_257' title='bbox 459 2116 652 2161; x_wconf 86' lang='lat' dir='ltr'>currentis,</span> <span class='ocrx_word' id='word_1_258' title='bbox 671 2127 706 2150; x_wconf 78' lang='lat' dir='ltr'>se</span> <span class='ocrx_word' id='word_1_259' title='bbox 724 2117 756 2151; x_wconf 74' lang='grc' dir='ltr'>(Γ</span> <span class='ocrx_word' id='word_1_260' title='bbox 771 2117 841 2151; x_wconf 79' lang='lat' dir='ltr'>allo</span> <span class='ocrx_word' id='word_1_261' title='bbox 861 2119 973 2151; x_wconf 76' lang='lat' dir='ltr'>monte</span> <span class='ocrx_word' id='word_1_262' title='bbox 990 2117 1112 2151; x_wconf 64' lang='lat' dir='ltr'>scande</span> <span class='ocrx_word' id='word_1_263' title='bbox 1129 2118 1229 2160; x_wconf 71' lang='lat' dir='ltr'>yiztso</span> 
     </span>
     <span class='ocr_line' id='line_1_33' title="bbox 56 2175 1225 2221; baseline -0.001 -10"><span class='ocrx_word' id='word_1_264' title='bbox 56 2177 104 2211; x_wconf 80' lang='lat' dir='ltr'>ad</span> <span class='ocrx_word' id='word_1_265' title='bbox 129 2178 210 2220; x_wconf 81' lang='lat' dir='ltr'>imo,</span> <span class='ocrx_word' id='word_1_266' title='bbox 238 2176 339 2221; x_wconf 90' lang='lat' dir='ltr'>idest,</span> <span class='ocrx_word' id='word_1_267' title='bbox 367 2176 412 2211; x_wconf 89' lang='lat' dir='ltr'>ad</span> <span class='ocrx_word' id='word_1_268' title='bbox 432 2176 591 2221; x_wconf 80' lang='lat' dir='ltr'>bassum,</span> <span class='ocrx_word' id='word_1_269' title='bbox 616 2175 717 2221; x_wconf 78' lang='lat' dir='ltr'>quasi</span> <span class='ocrx_word' id='word_1_270' title='bbox 741 2175 854 2211; x_wconf 84' lang='lat' dir='ltr'>dicat:</span> <span class='ocrx_word' id='word_1_271' title='bbox 882 2181 966 2213; x_wconf 87' lang='lat' dir='ltr'>tuus</span> <span class='ocrx_word' id='word_1_272' title='bbox 992 2186 1164 2211; x_wconf 86' lang='lat' dir='ltr'>ascensus</span> <span class='ocrx_word' id='word_1_273' title='bbox 1191 2176 1225 2211; x_wconf 90' lang='lat' dir='ltr'>in</span> 
     </span>
    </p>
   </div>
   <div class='ocr_carea' id='block_1_3' title="bbox 77 2253 1229 2267">
    <p class='ocr_par' dir='ltr' id='par_1_3' title="bbox 77 2253 1229 2267">
     <span class='ocr_line' id='line_1_34' title="bbox 77 2253 1229 2267; baseline 0 0"><span class='ocrx_word' id='word_1_274' title='bbox 77 2253 1229 2267; x_wconf 95' lang='lat' dir='ltr'> </span> 
     </span>
    </p>
   </div>
   <div class='ocr_carea' id='block_1_4' title="bbox 120 2304 316 2332">
    <p class='ocr_par' dir='ltr' id='par_1_4' title="bbox 120 2304 316 2332">
     <span class='ocr_line' id='line_1_35' title="bbox 120 2304 316 2332; baseline 0.005 -5"><span class='ocrx_word' id='word_1_275' title='bbox 120 2304 144 2332; x_wconf 64' lang='grc' dir='ltr'>[Ἴ</span> <span class='ocrx_word' id='word_1_276' title='bbox 163 2306 184 2331; x_wconf 67' lang='lat'>4.</span> <span class='ocrx_word' id='word_1_277' title='bbox 203 2304 316 2328; x_wconf 83' lang='lat' dir='ltr'>obducit.</span> 
     </span>
    </p>
   </div>
  </div>
 </body>
</html>
