1766 2856
524 260 593 293 3:22
919 264 1122 290 COMENTUM
1150 265 1314 289 PARAmsi

525 339 634 385 longo
666 338 845 383 discursu,
879 337 1035 383 qualiter
1072 337 1229 373 naturali
1266 337 1394 373 ordine
1428 341 1464 373 et
1498 338 1702 374 rationabili

523 409 635 435 cursu
664 399 738 444 ipse
764 397 969 433 ascenderit
997 397 1154 443 coelum3
1176 401 1211 433 et
1234 398 1353 443 primo
1377 397 1479 444 fingit
1504 408 1543 434 se
1570 408 1703 434 eonce-

522 459 615 504 pisse
643 469 821 505 magnum
841 458 995 494 dubium
1016 469 1060 494 ex
1081 458 1241 494 novitate
1261 458 1313 494 rei
1335 458 1508 494 mirabilis
1528 462 1564 495 et
1582 459 1703 495 incre-

521 518 647 564 dibilis,
668 519 764 555 unde
792 520 907 555 sactus
935 523 988 554 est
1007 519 1236 555 avidissimus
1256 519 1390 554 sciendi
1409 529 1580 565 causam3
1605 519 1702 555 unde

521 579 624 615 dicit:
639 582 689 614 La
704 575 821 615 noee'td
836 581 892 615 del
903 590 1026 625 suono,
1046 580 1146 625 idest,
1162 579 1277 615 duleis
1294 579 1495 616 barmoniae
1511 590 1701 625 nunquam

522 640 609 676 alias
636 640 780 676 auditae.
810 641 853 675 Et
879 640 937 676 hic
964 644 1050 676 nota
1078 640 1175 686 quod
1208 640 1274 676 ista
1310 640 1415 676 litera
1449 651 1521 676 non
1557 641 1701 676 videtur

523 711 611 736 vera
639 701 683 736 de
710 700 846 736 virtute
874 701 1065 745 sermonis,
1092 701 1121 735 si
1148 700 1198 736 sie
1226 701 1435 747 simpliciter
1459 700 1699 747 intelligatur:

523 771 596 795 non
616 760 712 796 enim
734 761 876 796 videtur
896 760 1172 796 concedendum
1193 760 1290 806 quod
1318 760 1459 796 musica
1477 761 1522 796 sit
1540 761 1576 796 in
1595 762 1700 807 coelo,

523 821 608 867 quia
640 821 851 856 Aristoteles
883 821 950 856 hoc
986 821 1188 867 impugnat,
1223 821 1342 866 primo
1374 821 1456 856 coeli
1487 824 1523 856 et
1555 821 1700 857 mundi:

523 881 603 917 ideo
630 881 824 917 dicendum
853 884 906 917 est
934 881 1031 927 quod
1058 885 1167 916 autor
1186 891 1251 927 per
1271 881 1376 917 istam
1396 881 1627 918 harmoniam
1646 882 1702 918 in-

522 941 646 987 telligit
674 941 880 977 mirabilem
908 941 1182 987 proportionem
1211 942 1304 987 coeli⁷
1333 942 1431 987 quod
1452 953 1598 989 semper
1621 942 1702 978 uni-

521 1000 686 1037 formiter
714 1004 897 1047 movetur7
927 1002 974 1037 ita
1003 1001 1100 1047 quod
1127 1001 1245 1037 omnis
1272 1013 1356 1048 pars
1384 1002 1579 1048 respondet
1599 1003 1699 1038 omni

520 1061 624 1107 parti,
653 1062 746 1097 sicut
774 1062 848 1108 ipse
875 1066 981 1108 poeta
1008 1062 1097 1099 dixit
1128 1062 1164 1097 in
1185 1063 1340 1098 inferno.
1371 1063 1439 1098 Sed
1467 1063 1582 1109 posito
1601 1063 1699 1109 quod

520 1122 653 1158 Dantes
675 1123 783 1169 Juxta
815 1133 946 1158 sonum
980 1123 1094 1158 literae
1126 1123 1272 1159 realiter
1300 1123 1474 1170 intelligat
1502 1123 1599 1169 quod
1615 1134 1699 1158 mu-

520 1182 592 1218 sica
614 1182 658 1217 sit
681 1183 715 1217 in
737 1182 842 1228 coelo,
867 1186 990 1218 tamen
1019 1193 1091 1218 non
1119 1183 1187 1218 erit
1210 1183 1436 1229 irridendus3
1464 1194 1549 1219 nam
1577 1183 1700 1230 magni

521 1247 670 1279 autores
697 1247 783 1279 ante
810 1243 1052 1289 Aristotelem,
1081 1244 1175 1279 sicut
1202 1244 1426 1290 Pythagoras
1462 1249 1498 1280 et
1524 1245 1638 1289 Plato,
1665 1248 1701 1280 et

520 1309 599 1350 post
633 1314 720 1339 eum
758 1304 850 1340 sicut
886 1305 1035 1350 Tullius,
1063 1304 1222 1349 Boetius,
1250 1308 1286 1340 et
1317 1305 1521 1340 Macrobius
1548 1315 1698 1341 comen-

521 1369 616 1400 tator
643 1365 745 1400 Tullii
774 1375 885 1411 super
912 1365 1097 1401 somnium
1126 1365 1310 1411 Scipionis,
1343 1368 1378 1401 et
1410 1365 1612 1401 Clialcidius
1638 1375 1701 1401 co-

521 1429 704 1461 mentator
739 1425 896 1461 Platonis
933 1436 1043 1471 super
1085 1426 1265 1461 Timaeum
1301 1426 1488 1461 affirmant
1528 1426 1597 1461 hoo
1634 1436 1700 1471 pro

519 1490 630 1522 certo.
659 1486 761 1521 Unde
787 1486 871 1521 dicit
899 1486 1122 1522 Chaleidius:
1151 1488 1284 1522 Musica
1309 1488 1435 1531 procul
1462 1487 1564 1521 dnbio
1591 1496 1700 1521 exor-

517 1551 580 1581 ηαί
612 1548 767 1581 (azimam.
801 1547 1057 1581 raliomtbilller
1088 1548 1137 1582 αιῖ
1166 1550 1333 1582 naturam
1369 1548 1561 1591 cmtassquam,
1596 1557 1700 1582 revo-

517 1618 602 1642 cans
636 1611 666 1642 el
697 1608 846 1651 efficiens
879 1608 981 1642 [alem
1019 1608 1167 1651 demum,
1199 1609 1335 1652 qualem
1373 1608 1416 1642 ab
1453 1609 1548 1642 initio
1581 1608 1700 1652 opifex

518 1670 610 1703 Deus
633 1670 775 1712 lecerat.
805 1666 974 1702 Albertus
995 1670 1118 1703 tamen
1146 1667 1181 1702 in
1208 1678 1275 1703 suo
1302 1667 1347 1703 de
1373 1668 1465 1703 coelo
1494 1671 1529 1703 et
1562 1666 1700 1702 mundo

519 1727 665 1763 adducit
692 1727 825 1762 multas
855 1727 1014 1762 rationes
1040 1727 1086 1762 ad
1113 1727 1343 1773 probandum
1372 1727 1469 1773 quod
1492 1738 1603 1763 sonus
1626 1737 1699 1762 non

519 1787 557 1822 fit
584 1787 619 1822 in
646 1787 760 1822 coelo:
790 1790 824 1822 et
853 1787 887 1822 in
922 1787 1014 1822 libro
1045 1787 1091 1823 de
1117 1787 1401 1833 proprietatibus
1429 1787 1699 1823 elementorum

520 1847 603 1883 facit
639 1847 987 1883 demonstrationem
1029 1848 1177 1883 maioris
1210 1848 1499 1893 certificationi53
1540 1847 1638 1884 unde
1663 1845 1700 1892 (¹)

520 1908 626 1943 dicit:
654 1919 671 1942 e
697 1909 723 1943 z'l
746 1909 884 1952 grande
911 1909 1011 1953 lame,
1035 1908 1133 1953 quod
1161 1918 1259 1944 nunc
1279 1908 1424 1944 videbat
1446 1908 1564 1943 maius
1582 1908 1699 1954 solito,

520 1970 563 2003 m’
578 1979 737 2003 accesere
765 1979 810 2003 un
839 1969 945 2013 (lesio7
968 1968 1069 2013 idest,
1093 1968 1315 2004 desiderium
1343 1969 1379 2004 in
1398 1972 1522 2004 mente
1545 1979 1639 2014 mea,
1663 1969 1702 2004 di

519 2030 574 2063 lor
601 2030 758 2073 Calydone,
789 2028 891 2073 idest,
919 2028 1054 2064 sciendi
1082 2039 1232 2064 causam
1261 2028 1362 2064 istius
1382 2029 1459 2064 soni
1482 2032 1518 2064 et
1538 2028 1697 2074 luminis,

520 2091 591 2124 mai
617 2100 687 2124 non
713 2091 833 2124 sentito
861 2090 897 2124 αι’
922 2092 1059 2124 colunto
1080 2100 1211 2134 acmne,
1235 2089 1338 2134 quasi
1358 2089 1464 2134 dicat,
1485 2089 1582 2134 quod
1603 2099 1698 2124 nun-

519 2160 630 2194 quam
660 2150 841 2185 babuerat
869 2149 1044 2185 intensius
1071 2149 1225 2185 dubium
1254 2149 1289 2184 in
1316 2149 1438 2185 animo
1461 2149 1537 2185 sive
1556 2149 1697 2185 deside-

518 2209 615 2244 rium
645 2209 806 2254 quandiu
835 2209 955 2245 suerat
983 2196 1068 2245 euin
1107 2210 1265 2256 Virgilio.
1304 2210 1345 2244 Et
1379 2209 1499 2245 subdit
1534 2209 1696 2245 subitum

580 2338 606 2369 (¹)
625 2339 653 2362 E.
672 2339 739 2362 unde
757 2339 809 2369 ipse
827 2342 902 2363 autor
921 2340 990 2363 dicit.
