1766 2856
548 232 617 264 222
909 244 1113 271 COMENTUM
1140 247 1359 274 PURGAToRu

547 310 665 347 libello
692 313 737 348 de
764 314 837 349 vita
863 319 899 350 et
926 316 1091 352 moribus
1118 318 1252 365 Dantis,
1282 321 1427 358 Beatrix
1459 326 1561 370 quasi
1590 327 1625 363 in
1652 328 1723 366 fine

545 370 709 417 vigesimi
738 375 858 418 quarti
886 376 971 411 anni
1004 377 1134 414 redivit
1164 380 1209 415 ad
1240 381 1394 427 gloriam
1429 386 1722 430 praedestinatam

544 431 680 466 meritis
700 433 793 478 suis,
814 434 919 470 cuius
942 441 1063 473 morte
1081 438 1217 475 Dantes
1244 441 1310 476 fuit
1336 442 1398 478 diu
1426 444 1461 480 in
1489 446 1647 495 planctu,
1667 450 1722 486 la-

541 491 674 535 crymis
694 495 728 527 et
749 504 922 540 moerore,
938 496 1030 532 adeo
1050 499 1148 543 quod
1167 501 1243 536 sola
1264 506 1383 538 morte
1402 504 1595 543 videbatur
1616 520 1720 555 posse

535 549 681 595 J'uvari:
711 562 754 587 ex
783 564 858 598 quo
887 554 1003 591 factus
1031 561 1084 593 est
1113 560 1341 607 macilentus,
1364 563 1539 601 barbatus
1554 564 1590 612 (⁴)
1619 570 1719 606 velut

540 609 649 645 homo
664 612 867 659 sylvestris3
886 616 1032 652 tandem
1052 619 1308 657 exhortatione
1327 633 1482 660 suorum
1501 626 1605 664 duxit
1624 640 1717 666 uxo—

537 679 616 704 rem
646 674 680 706 et
708 673 816 718 coepit
835 684 874 709 se
893 674 981 711 dare
999 677 1152 722 publicis
1174 680 1301 716 officiis
1320 687 1355 718 et
1374 684 1574 723 honoribus
1592 689 1627 724 in
1649 701 1716 727 sua

537 731 741 775 republica:
771 737 806 768 et
822 730 858 778 (ἢ
887 735 914 769 si
942 740 1085 781 poterat
1111 738 1298 777 interdum
1327 745 1478 781 vacabat
1506 749 1652 793 poeticis
1679 755 1714 787 et

535 789 753 835 eloquentiae
780 794 824 828 ad
852 797 1050 841 superbam
1071 798 1238 845 gloriam.
1259 802 1301 837 Et
1320 803 1365 839 de
1385 805 1453 841 hoc
1473 811 1713 854 conqueritur

534 849 681 885 Beatrix
708 852 849 888 dicens:
870 866 888 889 e
910 857 1003 891 volse
1020 858 1033 892 ι’
1046 860 1146 902 passi
1161 862 1239 896 suoi
1252 873 1318 906 per
1338 865 1393 898 via
1411 876 1482 900 non
1502 878 1598 913 vera,
1618 871 1712 906 scili—

533 913 590 944 cet
616 920 681 955 per
708 911 813 948 devia
843 915 1040 963 mundana,
1063 922 1238 963 sequendo
1253 924 1345 967 false
1366 926 1548 970 immayzssni
1573 930 1609 964 cli
1635 931 1711 975 ben,

531 969 676 1015 scilicet,
714 972 889 1020 honores,
925 976 1128 1024 dignitates,
1165 982 1414 1030 magistratus,
1450 987 1507 1022 vel
1543 990 1710 1028 scientias

532 1031 737 1068 mundanas
754 1029 789 1077 (³)
818 1038 883 1070 aut
910 1037 1080 1083 poeticas,
1100 1050 1182 1084 quaer
1205 1052 1278 1077 non
1305 1049 1389 1080 sunt
1414 1057 1502 1084 vera
1521 1049 1627 1096 bona,
1646 1052 1708 1088 sed

530 1089 766 1138 imaginaria,
795 1095 893 1131 unde
919 1096 1022 1132 dicit:
1043 1100 1102 1134 elce
1127 1103 1224 1136 nulla
1242 1106 1457 1147 prome‘sse'on
1475 1111 1633 1145 rendono
1652 1113 1707 1147 in—

528 1153 616 1193 tera,
633 1161 718 1187 nam
738 1152 870 1190 divitiae
888 1156 1059 1193 videntur
1084 1161 1296 1205 promittere
1317 1165 1571 1203 sufficientiam
1593 1181 1705 1216 quam

528 1214 703 1255 praestare
726 1223 798 1249 non
818 1220 978 1261 possunt,
1000 1221 1035 1253 et
1056 1218 1259 1267 dignitates,
1284 1227 1527 1262 reverentiam
1549 1233 1629 1276 etc.,
1657 1232 1704 1267 si-

526 1269 658 1305 militer
685 1272 844 1309 scientiae
871 1275 1039 1312 liberales
1059 1279 1229 1316 videntur
1248 1285 1463 1328 promittere
1483 1287 1702 1338 felicitatem,

525 1339 636 1374 quam
665 1334 789 1367 tamen
816 1344 889 1370 non
921 1341 1073 1381 possunt
1104 1341 1282 1388 conferre,
1312 1344 1393 1381 licet
1424 1354 1631 1394 praeparent
1656 1353 1702 1388 ad

524 1389 744 1437 felicitatem,
765 1394 864 1429 velut
892 1397 1063 1441 quaedam
1086 1410 1226 1447 organa
1250 1407 1285 1438 et
1307 1404 1559 1444 instrumenta.
1576 1430 1624 1436 —
1639 1410 1699 1448 Ne'.

522 1449 585 1485 Hic
613 1451 757 1488 Beatrix
795 1455 840 1490 ad
872 1459 1151 1504 aggravandum
1187 1472 1353 1500 errorem
1390 1466 1514 1503 Dantis
1545 1473 1701 1508 ostendit

521 1510 739 1548 obstinatam
768 1514 940 1551 duritiem
968 1518 1047 1554 eius
1075 1520 1110 1555 in
1145 1525 1218 1558 tam
1250 1535 1342 1561 vana
1370 1527 1453 1573 vita,
1482 1529 1620 1566 dicens:
1649 1532 1703 1569 Ne*

521 1571 541 1603 Γ
556 1572 746 1615 impetrare
774 1577 969 1621 spirazion,
1001 1578 1102 1624 idest,
1129 1583 1269 1628 gratiae,
1295 1596 1387 1630 quas
1414 1587 1697 1634 impetraveram

520 1640 584 1675 pro
612 1641 656 1666 eo
682 1633 779 1678 apud
806 1635 936 1682 Deum,
964 1639 1049 1683 quia
1078 1642 1229 1687 rogabat
1245 1638 1281 1687 (4)
1312 1656 1377 1691 pro
1409 1657 1453 1683 eo
1484 1659 1568 1685 cum
1603 1657 1697 1689 esset

518 1689 610 1725 sacta
638 1691 755 1738 beata,
784 1696 832 1729 mi
858 1698 963 1741 colse,
992 1698 1092 1745 idest,
1114 1701 1197 1736 nihil
1223 1704 1443 1748 prosuerunt
1466 1709 1564 1755 mihi,
1584 1722 1648 1747 con
1667 1715 1697 1748 le

516 1752 612 1793 quali
638 1753 670 1786 lo
697 1754 844 1799 revocat,
873 1755 973 1803 idest,
1002 1769 1179 1797 revocare
1201 1763 1312 1809 volui,
1331 1770 1362 1800 ec
1386 1768 1422 1801 in
1447 1778 1559 1811 soyno
1585 1774 1617 1806 et
1640 1774 1694 1808 al-

516 1811 677 1857 lrz'menli,
721 1815 825 1859 quasi
858 1816 976 1853 dicat:
1005 1822 1041 1854 et
1067 1820 1103 1856 in
1130 1823 1272 1859 somnio
1304 1829 1340 1860 et
1373 1826 1408 1862 in
1444 1828 1575 1876 vigilia,
1608 1833 1693 1878 quia

516 1880 602 1906 vere
630 1872 685 1908 vir
703 1875 793 1910 tanti
812 1875 945 1922 ingenii
966 1879 1174 1917 meditando
1193 1886 1229 1918 et
1247 1885 1426 1922 studendo
1447 1892 1588 1934 poterat
1606 1903 1692 1938 per-

514 1931 674 1976 pendere
701 1933 812 1970 finem
841 1947 912 1972 non
940 1938 1079 1975 bonum
1108 1952 1262 1979 suarum
1282 1948 1577 1997 occupationum,
1596 1952 1690 1990 sicut

511 1990 597 2026 olim
626 1993 762 2030 sciebat
788 1997 960 2034 accidisse
987 2000 1103 2037 Tullio
1130 2005 1166 2038 et
1193 2004 1330 2051 Boetio,
1353 2008 1415 2052 qui
1442 2008 1688 2049 immiscentes

510 2060 549 2085 se
575 2052 901 2097 gubernationibus
916 2053 951 2102 (5),
974 2060 1025 2095 rei
1045 2061 1211 2109 publicae,
1234 2064 1313 2110 jam
1337 2071 1482 2104 mortua
1505 2073 1540 2105 et
1561 2071 1687 2118 deplo-

511 2112 588 2145 rata
612 2111 788 2159 libertate,
809 2119 993 2154 consecuti
1013 2124 1098 2156 sunt
1117 2123 1266 2159 exilium
1286 2128 1322 2161 et
1342 2131 1497 2164 mortem
1519 2129 1682 2179 indigne3

569 2225 594 2253 (¹)
614 2225 640 2249 E.
659 2226 790 2253 barbulus.
1043 2236 1072 2266 (²)
1089 2237 1118 2262 Ε,
1137 2241 1162 2262 et
1180 2246 1239 2264 cum
1257 2244 1365 2271 poterat.

568 2262 594 2292 (⁸)
614 2266 666 2293 117,
685 2267 821 2292 seculares.
1044 2274 1068 2303 (¹)
1087 2276 1116 2300 E.
1134 2277 1193 2307 quia
1212 2283 1356 2310 rogaverat.

568 2303 593 2330 (³)
613 2303 640 2327 E.
658 2305 883 2334 gubernationi.—
895 2312 947 2339 117,
966 2312 1153 2342 gubernaculis.
