1766 2856
498 228 542 259 58
860 229 1062 255 COMENTUM
1088 228 1306 253 PL'RGATORH

496 309 531 341 et
559 305 677 340 redire
699 303 743 339 ad
763 302 970 347 coquinam,
991 304 1026 336 et
1054 300 1258 345 tabernam,
1278 300 1326 335 ita
1346 311 1444 336 nunc
1466 311 1561 347 saepe
1583 301 1670 336 sul)-

494 365 624 400 stineat
651 364 784 400 famem
813 366 848 397 et
875 361 970 396 sitim
999 355 1222 405 voluntarie,
1251 361 1349 396 unde
1376 360 1459 396 facit
1491 362 1668 407 colorem,

495 424 555 470 qui
583 424 713 459 dicitur
740 421 930 466 correctio,
958 420 1098 456 dicens:
1128 422 1160 455 io
1187 422 1264 456 (lico
1287 431 1380 465 pena
1412 433 1429 456 e
1461 422 1583 457 devria
1611 423 1669 457 dir

494 486 661 519 sollazzo.
692 483 734 517 Et
761 481 879 517 suddit
906 481 1113 516 solatiosam
1132 491 1279 526 poenam
1305 491 1435 516 eorum
1462 492 1527 527 per
1553 482 1667 518 devo-

494 543 670 578 tissimam
708 541 1032 587 comparationem,
1068 540 1209 576 dicens:
1244 539 1303 575 che*
1338 542 1451 586 quella
1491 543 1605 585 voylt'a
1639 544 1670 577 ci

494 613 608 646 mena,
635 602 857 646 multotiens,
886 602 944 636 (αἶ’
960 601 1102 644 arbore,
1130 601 1197 636 hoc
1233 601 1327 646 dicit,
1363 601 1449 646 quia
1481 601 1666 637 invenient

494 663 602 699 aliam
629 662 801 697 arborem
828 661 864 695 in
891 660 1019 696 eadem
1049 660 1117 705 via,
1146 663 1186 695 ut
1218 661 1353 706 patebit
1386 661 1479 697 infra
1510 661 1668 707 capitulo

494 722 671 768 sequenti,
699 722 757 755 elce
783 717 882 755 meno
912 722 1022 754 Cri-sco
1042 722 1117 754 lieto
1140 731 1162 754 α
1184 722 1259 755 dire
1285 722 1362 765 Ely,
1394 721 1429 756 in
1452 721 1550 768 ligno
1578 732 1666 756 cru-

494 783 544 818 eis
571 782 797 825 existentem,
826 781 966 824 qnando
994 791 1035 815 ne
1061 776 1168 815 libero
1195 790 1258 814 con
1287 782 1321 814 [α
1347 791 1412 815 sua
1442 792 1542 824 vena,
1565 781 1668 826 idest,

493 842 639 888 proprio
667 840 855 886 sanguine.
883 840 925 874 Et
952 839 1009 874 hic
1037 843 1120 874 nota
1149 843 1329 884 quantum
1362 841 1587 886 comparatio
1615 843 1670 875 est

494 901 640 948 propria
656 898 704 944 U).
729 900 892 935 Christus
911 899 1008 934 enim
1037 899 1071 933 in
1098 909 1160 934 ara
1185 899 1303 934 crucis
1323 903 1670 945 quantumcumque

493 961 707 996 afficeretur
733 970 859 994 amare
878 955 913 1003 (ἢ
940 969 1048 1005 poena
1081 960 1273 1005 corporali,
1302 963 1425 995 tamen
1453 960 1534 996 laete
1560 959 1667 996 dixit:

493 1022 568 1065 hely
595 1021 682 1064 hely,
717 1030 781 1065 pro
822 1019 940 1055 salute
976 1022 1109 1054 nostrae
1143 1019 1421 1065 redemptionis,
1454 1020 1502 1055 ita
1535 1020 1667 1055 animae

497 1081 649 1116 istorum
669 1079 823 1115 dulciter
842 1079 1055 1115 cruciantur
1074 1079 1110 1114 in
1128 1079 1241 1114 odore
1258 1090 1364 1124 aquae
1384 1083 1418 1115 et
1439 1079 1535 1125 pomi
1551 1079 1670 1125 gratia

495 1151 572 1175 suae
599 1140 814 1175 salvationis.
844 1140 886 1174 Et
914 1140 981 1175 hoc
1009 1139 1175 1174 videmus
1203 1150 1282 1174 esse
1310 1150 1440 1175 verum
1469 1140 1504 1174 in
1531 1150 1670 1186 purga-

495 1201 588 1236 torio
615 1200 756 1245 morali,
790 1200 876 1245 quia
908 1201 1018 1235 homo
1052 1200 1177 1235 volens
1207 1210 1370 1245 purgare
1402 1200 1438 1234 in
1470 1210 1509 1235 se
1540 1200 1668 1235 vitium

494 1260 590 1307 gulae
618 1264 745 1305 sponte
771 1260 928 1295 abstinet
962 1270 983 1295 a
1016 1259 1103 1295 cibis
1134 1263 1170 1295 et
1201 1259 1292 1295 vinis
1328 1260 1468 1306 sapidis,
1501 1260 1670 1306 quamvis

494 1320 662 1355 videatur
689 1320 754 1355 sibi
782 1320 1017 1355 durissimum
1046 1329 1190 1355 cessare
1216 1330 1238 1355 a
1264 1320 1536 1356 delectabilibus
1554 1316 1590 1365 (³)
1612 1331 1671 1356 as-

494 1380 616 1415 suetis.
645 1380 687 1414 Et
715 1380 867 1415 ulterius
895 1383 981 1415 nota
1008 1379 1106 1425 quod
1126 1390 1233 1426 poena
1253 1380 1507 1425 poenitentialis
1533 1381 1569 1416 in
1596 1381 1670 1416 vita

495 1444 548 1475 est
576 1440 692 1486 magis
728 1440 943 1485 voluntaria,
973 1440 1058 1485 quia
1091 1444 1144 1475 est
1170 1451 1191 1475 a
1223 1441 1412 1477 voluntate
1445 1441 1669 1487 imperante;

496 1500 556 1535 sed
584 1510 690 1545 poena
722 1500 923 1545 purgatorii
959 1503 1012 1535 est
1043 1510 1064 1535 a
1096 1500 1283 1536 voluntate
1317 1501 1551 1546 substinente,
1585 1500 1671 1546 quia

497 1559 702 1594 voluntarie
716 1554 749 1603 ὃ]
773 1559 939 1603 tolerant,
959 1562 993 1594 et
1013 1569 1098 1594 cum
1119 1560 1188 1595 hoc
1207 1561 1445 1596 vehementer
1464 1561 1670 1596 desiderant

495 1618 538 1654 ad
561 1618 715 1664 patriam
744 1619 947 1664 pervenire,
968 1622 1003 1654 et
1021 1619 1067 1654 ad
1086 1619 1153 1654 hoc
1172 1620 1351 1654 auxilium
1374 1623 1499 1666 optant
1516 1620 1562 1655 ab
1577 1620 1665 1655 aliis.

571 1681 612 1713 Et
630 1680 661 1712 io
680 1689 702 1712 α
722 1680 777 1713 lui.
801 1679 869 1713 Ista
890 1682 943 1714 est
963 1679 1068 1714 tertia
1092 1689 1175 1724 pars
1198 1680 1389 1726 generalis,
1411 1681 1446 1715 in
1469 1691 1542 1725 qua
1562 1683 1670 1726 poeta

498 1741 620 1773 noster
645 1741 768 1773 movet
792 1749 906 1773 unum
928 1738 1080 1774 dubium
1101 1739 1260 1783 Foresio,
1280 1744 1316 1775 et
1335 1743 1387 1775 est
1406 1740 1559 1776 dubium
1580 1740 1668 1776 tale:

495 1797 632 1833 dictum
661 1801 714 1833 est
740 1808 835 1844 saepe
872 1799 968 1834 circa
995 1799 1211 1844 principium
1240 1799 1348 1834 huius
1376 1800 1455 1836 libri
1484 1800 1519 1835 iu
1548 1800 1670 1835 multis

496 1858 582 1893 locis
609 1861 643 1893 et
670 1858 834 1903 capitulis
861 1859 959 1904 quod
981 1858 1189 1894 differentes
1211 1859 1460 1904 poenitentiam
1484 1860 1529 1895 ad
1547 1863 1670 1896 extre-

499 1928 600 1953 mum
630 1918 756 1953 mortis
783 1921 878 1953 stant
906 1919 1057 1965 relegati
1080 1922 1184 1954 extra
1212 1919 1468 1965 purgatorium
1497 1930 1562 1965 per
1589 1923 1670 1955 tan-

498 1978 662 2013 tumdem
700 1978 896 2024 temporis,
929 1989 1013 2014 cum
1055 1989 1144 2025 ergo
1184 1983 1290 2025 poeta
1332 1980 1439 2015 sciret
1477 1979 1666 2015 Foresium

496 2037 605 2073 fuisse
633 2037 676 2072 de
705 2048 861 2074 numero
896 2039 1035 2084 talium,
1064 2038 1195 2074 merito
1228 2039 1380 2084 dubitat,
1407 2042 1441 2074 et
1473 2039 1670 2075 dubitando

497 2097 595 2143 petit,
623 2098 808 2142 quomodo
834 2103 919 2134 ante
946 2102 1091 2145 tempus
1111 2099 1317 2145 pervenerit
1336 2099 1380 2134 ad
1401 2099 1668 2146 purgatorium.

560 2208 585 2238 ι’)
604 2209 633 2232 E.
652 2209 763 2238 propria.
784 2209 906 2233 Dominus
924 2210 991 2233 enim
1010 2213 1034 2233 ct
1053 2211 1202 2241 redemptor
1224 2214 1311 2234 noster
1328 2211 1525 2241 pretiosissimus
1543 2209 1670 2234 Dominus

496 2248 569 2271 Jesus
585 2246 700 2269 Christus
718 2247 742 2269 in
760 2253 812 2270 ara.
1130 2248 1157 2278 (²)
1177 2249 1204 2272 E.
1223 2249 1388 2273 amarissime.

559 2284 583 2311 (¹)
602 2284 631 2307 Ε.
648 2291 660 2307 a
679 2284 891 2309 delectationibus
909 2285 1022 2319 assucti-s.
1132 2286 1158 2315 (⁸)
1177 2289 1228 2315 117,
1248 2287 1391 2311 voluntarie
1409 2287 1535 2310 laborant.
