1737 2836
469 251 608 277 CAxrt‘s
634 251 827 277 srzcrxnns.
1166 245 1234 277 359

58 322 180 358 anima
208 325 301 357 esset
329 327 450 358 motor
480 323 702 369 compositus
737 333 782 358 ex
818 323 942 358 multis
978 323 1174 359 virtutibus
1201 327 1237 359 et

58 382 296 428 potestatibus
315 383 554 428 naturalibus,
571 394 642 418 non
657 387 751 418 esset
770 383 958 418 diversitas
973 383 1133 429 partium
1153 394 1238 419 cor-

57 441 154 488 poris
181 442 217 476 in
244 442 362 478 Forma
390 445 426 478 et
453 442 590 489 figura:
618 443 700 478 ideo
719 443 919 488 unicuique
938 443 1105 488 potestati
1126 454 1236 479 suum

57 502 248 548 proprium
276 502 468 548 respondet
495 513 691 549 organum,
714 503 807 537 sicut
830 503 924 538 bene
951 503 1087 538 dictum
1116 508 1170 540 est
1193 505 1238 541 de

57 562 164 597 oculo
193 562 227 597 in
255 562 412 608 capitulo
440 562 558 608 primo
585 562 815 608 praecedenti.
845 563 885 597 Et
917 563 1021 598 dicit:
1050 574 1067 598 e
1093 567 1238 610 consor-

59 625 161 664 male,
188 622 279 657 sicut
307 622 474 657 ridemus
502 622 691 657 manifeste
723 623 757 657 in
786 633 911 668 manu,
935 633 1019 668 quae
1047 627 1100 658 est
1127 635 1238 671 orga-

58 692 161 727 num,
198 682 255 717 cui
292 686 423 718 natura
457 682 554 718 dedit
590 683 724 717 multos
757 687 793 718 et
823 683 986 718 diversos
1021 683 1162 730 digitos,
1197 689 1238 719 ut

58 741 193 777 faceret
216 742 350 777 multas
372 742 602 788 operationes
624 742 827 777 secundum
846 742 1007 778 diversas
1027 744 1238 789 conceptio-

59 812 122 837 nes
149 802 371 847 intellectus3
399 802 473 837 imo
506 806 637 838 natura
671 803 707 837 in
740 803 889 838 occultis
922 803 1136 839 mirabiliter
1169 805 1237 839 hoc

58 862 152 906 facit,
181 862 266 907 quia
295 862 504 897 membrum
531 862 633 897 virile
653 862 688 897 in
708 862 856 897 homine
874 863 1010 908 optime
1029 863 1237 898 conforma-

59 925 119 957 tur
145 925 181 957 et
208 922 467 967 correspondet
491 921 630 957 matrici
655 922 818 957 mulieris
840 922 875 957 in
894 923 1143 968 generatione.
1167 923 1238 958 To-

59 986 134 1017 tam
163 982 368 1017 machinam
397 982 559 1027 corporis
587 982 737 1016 humani
765 983 892 1027 pulcre
911 982 1081 1018 describit
1099 983 1238 1019 Tullius

58 1042 218 1077 secundo
246 1042 291 1077 de
318 1045 449 1076 natura
476 1042 650 1076 Deorum.
667 1061 715 1066 —
738 1040 841 1076 Γὶνίὰ.
870 1042 934 1077 Hic
957 1042 1102 1077 Beatrix
1125 1043 1237 1089 tangit

59 1102 220 1137 breviter
247 1105 282 1137 et
313 1101 446 1148 colligit
482 1101 635 1136 virtutes
667 1101 1003 1147 intelligentiarum,
1031 1112 1236 1147 sperarum,

59 1163 303 1208 planetarum,
330 1161 469 1196 dicens:
506 1159 598 1196 Γῖνίὰ
629 1163 782 1205 diversa,
810 1162 955 1206 scilicet,
989 1162 1147 1197 aliorum
1180 1172 1237 1198 se-

59 1226 156 1268 ptem
190 1226 389 1267 motorum,
415 1223 456 1267 fa
483 1223 624 1256 (lisersa
654 1223 745 1265 leya,
773 1222 873 1266 idest,
903 1222 1169 1268 colligationem
1201 1226 1237 1258 et

58 1282 320 1328 operationem,
355 1283 410 1316 col
434 1283 600 1326 prezioso
633 1292 754 1326 corpo,
789 1281 934 1327 scilicet,
971 1292 1056 1317 cum
1092 1283 1236 1328 planeta

59 1353 137 1382 suo,
165 1343 296 1377 clz'ella
321 1344 461 1385 αυυῖυα,
489 1341 589 1387 idest,
614 1341 711 1386 quod
738 1351 871 1387 corpus
898 1341 974 1387 ipsa
1001 1341 1117 1376 virtus
1144 1342 1237 1378 vivi—

60 1402 162 1447 ficat3
190 1405 225 1438 et
245 1402 388 1438 videtur
407 1401 506 1447 loqui
525 1401 727 1437 secundum
751 1401 959 1447 opinionem
982 1401 1150 1446 Platonis,
1174 1402 1236 1447 qui

59 1463 173 1498 voluit
201 1462 299 1507 quod
327 1465 424 1497 astra
451 1465 571 1497 essent
597 1461 770 1506 animata,
790 1461 847 1496 vel
868 1461 1025 1506 respexit
1052 1462 1171 1496 solum
1191 1462 1237 1497 ad

59 1522 330 1557 similitudinem
359 1532 471 1567 quam
499 1521 636 1557 fecerat
662 1520 707 1556 de
733 1520 875 1565 anima,
909 1520 1006 1555 unde
1024 1517 1059 1564 U)
1090 1521 1237 1556 adducit

58 1582 166 1618 aliam
195 1581 506 1628 comparationem
534 1581 579 1616 de
605 1581 739 1625 anima,
767 1580 908 1616 dicens:
932 1582 989 1615 nel
1008 1583 1121 1624 quale,
1144 1581 1239 1617 scili-

59 1646 116 1678 cet
142 1652 307 1688 corpore,
333 1643 364 1676 si
389 1643 480 1686 lesse,
508 1641 611 1685 idest,
639 1641 784 1687 ligatur,
812 1637 841 1675 sl
873 1651 967 1675 come
1004 1643 1071 1675 vila
1105 1643 1140 1676 in
1168 1643 1237 1685 voi,

59 1702 160 1747 idest,
187 1702 278 1737 sicut
305 1702 425 1737 anima
454 1701 489 1736 in
517 1701 618 1736 vobis
645 1700 853 1736 hominibus
876 1701 1011 1747 ligatur
1039 1712 1124 1737 cum
1153 1712 1237 1737 cor-

58 1773 165 1808 pore3
193 1762 290 1797 unde
317 1761 456 1796 subdit:
485 1763 519 1796 la
549 1759 637 1796 υῐνίιί
665 1763 778 1805 mz'slcc,
809 1761 911 1806 idest,
941 1761 1057 1796 virtus
1084 1762 1236 1797 motoris

54 1822 183 1868 juncta
210 1831 295 1856 cum
324 1821 466 1866 planeta
495 1831 573 1865 suo,
602 1822 673 1855 Ince
696 1831 762 1865 per
795 1823 827 1856 lo
862 1832 983 1866 corpo,
1010 1821 1103 1857 sicut
1138 1822 1235 1857 lunae

60 1882 117 1917 vel
144 1880 294 1916 alterius
321 1881 494 1926 planetae:
523 1884 559 1915 et
585 1881 654 1915 hoc
682 1881 793 1916 refert
819 1881 864 1916 ad
892 1881 1048 1926 primam
1071 1891 1234 1926 causam,

59 1942 200 1977 dicens:
227 1951 290 1985 per
309 1942 344 1974 [α
363 1944 492 1974 natura
512 1941 590 1974 lieta
612 1942 701 1975 oncle
722 1942 857 1984 derisa,
881 1941 982 1985 idest,
1002 1945 1150 1986 propter
1169 1951 1236 1976 na-

60 2006 183 2037 turam
212 2003 445 2036 naturantem
474 2010 557 2045 quae
590 2000 688 2035 Deus
723 2003 787 2045 est,
816 2001 878 2045 qui
906 2004 960 2035 est
988 2001 1127 2045 primus
1156 2011 1236 2036 mo—

61 2063 263 2097 tor.—Da
289 2071 376 2095 essa.
406 2060 468 2095 Hic
497 2059 624 2095 ultimo
652 2060 799 2095 Beatrix
826 2060 1009 2095 concludit
1040 2061 1237 2106 principale

61 2121 298 2168 propositum,
326 2120 467 2155 dicens:
499 2115 557 2154 Cio
584 2120 642 2154 che
663 2129 736 2163 par
762 2120 938 2163 differente
957 2121 1003 2155 cla
1023 2121 1093 2155 luce
1111 2131 1133 2154 α
1153 2122 1236 2164 luce,

61 2182 162 2226 idest,
189 2180 361 2226 quicquid
387 2180 469 2215 facit
494 2179 736 2215 differentiam
766 2183 802 2214 et
828 2179 1075 2215 diversitatem
1096 2180 1131 2215 in
1154 2180 1237 2215 uni-

125 2310 150 2339 (¹)
168 2309 197 2334 Ε.
215 2309 282 2333 unde
299 2309 359 2334 dicit
376 2309 525 2333 adducendo
543 2309 618 2332 aliam
636 2310 855 2339 comparationem
873 2310 904 2333 de
921 2310 1004 2333 anima
1026 2310 1079 2333 sic:
1099 2311 1138 2333 nel
1154 2311 1235 2341 quale.
