1737 2836
355 240 492 265 CANTUS
519 240 732 265 TRIGESIML‘S
759 238 950 264 SECUNDL'S.
1166 230 1234 263 *253

69 315 159 350 tium
188 313 222 348 in
250 313 399 357 coelum,
420 313 466 346 mi
486 309 649 355 squarcib
672 313 696 345 il
713 313 785 345 velo
806 312 862 345 del
876 320 1000 355 sonno,
1022 310 1112 345 idest
1141 309 1235 354 rupit

68 373 154 409 mihi
182 383 364 417 somnum,
389 372 485 417 quod
514 371 657 406 velabat
680 371 765 405 mihi
786 371 916 415 visum,
936 374 968 405 et
994 381 1040 404 unv
1058 371 1237 413 chinium,-

67 434 144 469 haec
169 436 248 469 erat
275 443 345 467 vox
373 431 546 467 Mathildis
573 430 740 466 dicentis:
760 432 871 474 surm,
890 431 948 464 che
963 432 1042 475 sai?
1061 429 1164 475 quasi
1183 429 1237 464 di—

68 496 136 537 cat,
165 504 235 528 non
263 496 316 528 est
337 491 491 537 amplius
521 494 663 535 tempus
682 489 896 534 dormiendi,
915 490 999 534 quia
1016 490 1091 535 jam
1113 488 1239 523 militia

69 553 127 588 illa
146 556 269 588 sancta
289 551 469 587 rediverat
484 551 519 585 in
539 550 674 585 coelum
695 552 773 595 post
791 550 984 595 gryphum.
1009 550 1050 583 Et
1073 549 1129 584 hic
1154 551 1238 583 nota

70 612 168 657 quod
196 614 300 657 poeta
328 621 430 645 more
456 620 523 645 suo
550 608 695 654 quando
723 608 799 643 vult
825 607 1031 644 describere
1047 604 1082 651 (¹)
1103 607 1238 652 aliquid

70 672 239 717 pulcrum
268 671 312 706 de
338 680 444 714 novo,
472 669 570 715 fingit
592 668 708 714 primo
727 678 766 703 se
792 667 963 711 dormire,
983 667 1112 702 deinde
1131 667 1166 701 in
1185 666 1239 701 di-

70 731 192 766 luculo
211 729 393 775 evigilare.
410 749 458 753 —-
476 729 585 771 Quali.
606 728 669 762 Hic
688 730 793 772 poeta
812 726 967 762 ostendit
986 726 1141 771 qualiter
1162 725 1239 761 evi-

69 789 233 837 gilaverit
262 792 295 824 et
324 788 410 834 quid
437 788 564 823 viderit
593 797 656 833 per
676 786 832 821 nobilem
855 785 1176 831 comparationem.
1197 785 1241 819 Et

71 850 148 884 vult
174 848 432 884 sententialiter
452 847 584 892 dicere,
608 846 705 892 quod
726 846 791 880 sibi
811 855 906 880 nunc
924 845 1053 880 accidit
1074 845 1167 880 sicut
1185 844 1241 880 di-

70 908 214 955 scipulis
241 908 369 944 Christi
397 912 563 953 tempore
585 916 658 952 quo
685 916 723 941 se
747 905 1036 951 transfiguravit:
1065 915 1149 940 nam
1177 914 1242 940 ex—

71 968 201 1003 citatus
236 978 257 1003 a
292 978 420 1002 somno
452 977 536 1002 cum
573 969 721 1011 stupore
753 965 838 999 vidit
872 968 1052 1000 mutatam
1085 963 1241 999 formam

73 1027 256 1062 militantis
284 1026 455 1070 ecclesiae,
483 1025 567 1070 quia
596 1025 728 1059 scilicet
760 1027 833 1059 tota
861 1023 984 1058 militia
1012 1023 1106 1058 illius
1133 1033 1242 1058 exer-

72 1087 164 1123 citus
191 1085 424 1132 praecedentis
453 1085 633 1120 rediverat
661 1084 696 1119 in
723 1084 859 1119 coelum
880 1087 958 1129 post
976 1083 1159 1118 Christum
1180 1083 1241 1127 qui

73 1148 319 1191 resumpserat
337 1140 371 1188 (2)
400 1155 504 1179 suam
533 1154 659 1179 veram
688 1143 858 1189 liguram,
877 1143 969 1178 sicut
997 1143 1158 1188 discipuli
1178 1152 1244 1177 ex-

74 1205 171 1242 citati
199 1215 284 1240 cum
312 1207 460 1250 stupore
488 1204 657 1239 viderunt
684 1204 842 1249 Moysem
876 1206 911 1238 et
945 1203 1095 1248 Helyam
1124 1202 1243 1247 dispa-

74 1265 200 1309 ruisse,
220 1268 256 1300 et
274 1264 456 1299 Christum
477 1263 714 1309 resumpsisse
727 1258 761 1306 ff)
779 1262 933 1307 primam
955 1262 1123 1308 figuram.
1140 1262 1243 1297 Nunc

74 1324 154 1359 vide
182 1324 336 1367 literam,
365 1334 447 1368 quae
475 1326 527 1358 est
555 1322 638 1358 satis
666 1322 778 1366 sortis,
807 1324 841 1357 et
869 1324 1039 1357 construe
1067 1326 1101 1356 et
1128 1321 1243 1366 incipe

74 1384 140 1419 ibi:
169 1386 208 1417 Io
227 1385 343 1418 tornai
361 1385 420 1427 tal,
442 1393 463 1417 a
488 1392 615 1417 somno
635 1382 670 1416 in
690 1381 860 1427 vigiliam,
880 1381 1050 1416 omnibus
1070 1380 1244 1415 receden-

75 1444 169 1478 tibus
197 1446 409 1478 remanente
436 1442 609 1486 Beatrice,
630 1443 735 1485 quali,
764 1441 902 1486 supple,
926 1440 1077 1485 apostoli
1101 1439 1244 1475 redive-

75 1506 171 1547 runt,
187 1502 331 1546 scilicet,
352 1503 467 1536 Pe‘elro
486 1512 503 1535 e
521 1503 693 1535 Ge'occmm'
710 1511 728 1535 e
743 1503 888 1544 Jacopo,
911 1500 1023 1534 frater
1042 1499 1138 1534 eius:
1159 1499 1244 1534 istos

75 1563 170 1599 enim
201 1568 272 1599 tres
299 1561 493 1607 assumpsit
520 1561 694 1605 Christus,
721 1560 806 1605 quia
833 1569 943 1594 omne
970 1559 1142 1594 meritum
1163 1558 1242 1593 fidei

75 1622 233 1658 consistit
269 1622 325 1656 vel
357 1620 537 1656 credendo
555 1614 588 1664 (4l
623 1630 708 1654 cum
740 1620 859 1663 Petro,
892 1619 949 1654 vel
981 1617 1244 1663 supplantando

76 1682 204 1717 vitium
232 1691 316 1716 cum
345 1680 489 1724 Jacobo,
510 1679 567 1714 vel
591 1678 775 1725 operando
803 1678 940 1713 bonum
969 1688 1054 1713 cum
1082 1678 1244 1712 Johanne

77 1742 112 1776 in
140 1752 212 1786 quo
235 1744 288 1776 est
309 1740 437 1785 gratia,
459 1740 620 1782 conclom‘,
646 1738 791 1782 scilicet,
810 1748 831 1773 a
853 1737 993 1772 Christo
1019 1737 1054 1771 in
1080 1739 1242 1771 montem

77 1800 231 1844 Thabor,
252 1799 313 1844 qui
332 1802 385 1833 est
405 1801 536 1843 quarto
560 1798 724 1833 milliario
746 1808 767 1833 a
787 1798 977 1841 Nazareth,
998 1797 1058 1831 ubi
1082 1796 1243 1831 Christus

79 1859 358 1905 transfiguratus
385 1861 435 1893 est
463 1868 587 1893 coram
616 1857 677 1901 eis,
700 1857 791 1892 sicut
818 1859 853 1891 et
880 1856 936 1890 hic
964 1855 1244 1901 transfiguratus

79 1923 132 1954 est
159 1918 193 1953 in
220 1918 402 1963 gryphum
422 1917 457 1950 in
481 1919 603 1951 monte
631 1916 786 1959 excelso,
806 1926 828 1949 α
847 1916 950 1950 veder
976 1916 1027 1948 ἄρ’
1039 1915 1166 1958 fiorellt'
1191 1915 1246 1948 del

80 1979 179 2021 melo,
206 1977 306 2021 idest,
334 1976 468 2010 summi
499 1976 593 2010 boni.
623 1976 720 2010 Bene
741 1975 834 2019 dicit,
858 1974 942 2018 quia
971 1976 1057 2007 tunc
1078 1973 1246 2008 viderunt

79 2037 205 2072 ssorem
225 2035 464 2080 beatitudinis,
486 2038 608 2080 postea
628 2034 740 2069 visuri
763 2034 935 2077 fructum,
956 2032 1057 2076 idest,
1078 2032 1248 2067 maiesta-

80 2099 151 2132 tem
169 2091 204 2139 (5)
228 2095 419 2130 divinitatis
446 2098 481 2129 et
509 2094 701 2129 essentiam
722 2092 902 2127 Trinitatis
924 2092 959 2127 in
978 2092 1081 2135 coelo,
1101 2092 1192 2127 sicut
1211 2095 1246 2127 et

146 2212 169 2240 ιζ’)
192 2214 241 2239 117,
262 2211 381 2234 scribere.
643 2208 668 2235 ζ’)
687 2208 716 2230 Ε.
735 2209 943 2237 reassumpserai.

146 2249 169 2277 ζ’]
191 2249 217 2271 Ε.
237 2247 436 2277 reassumpsisse.
644 2245 670 2273 (⁴)
690 2247 743 2273 117,
761 2245 785 2268 in
803 2245 938 2268 credendo.

146 2288 171 2315 (³)
189 2286 217 2309 E.
232 2286 368 2309 maiestatis
386 2285 551 2312 divinitatem,
569 2287 602 2307 et.
