1737 2836
362 221 498 246 CANTL‘S
525 220 740 246 TRIGESIMUS
768 219 907 245 PRIMUS.
1145 215 1211 246 241

47 304 112 328 sna
137 294 298 335 cisterna,
326 298 361 328 et
388 291 450 337 qui
476 295 583 336 poeta
610 292 690 337 plus
717 292 836 327 hausit
862 291 907 327 de
932 291 1029 328 fonte
1056 293 1216 338 Parnasi,

49 353 111 398 qui
136 352 252 388 dictus
280 356 334 387 est
360 351 518 395 Helicon,
541 351 586 386 de
608 362 681 396 quo
707 351 794 386 dixit
821 362 930 398 supra
957 362 1042 387 cum
1070 352 1218 388 invoca-

49 415 105 448 ret
131 422 265 456 musas,
284 412 341 446 che
367 421 437 445 non
451 421 597 455 paresse
614 421 699 445 aver
718 413 752 445 la
771 415 879 446 mente
898 412 1094 456 ingombra,
1114 411 1214 457 idest,

50 471 270 518 impeditam,
298 471 458 505 tentando
480 480 502 504 α
520 471 648 505 render
666 473 708 513 le,
734 470 834 514 idest,
856 471 994 506 referre
1021 475 1055 507 et
1082 481 1218 517 reprae-

50 536 194 567 §entare
221 535 256 567 te
282 530 495 574 Beatricem,
515 531 598 573 qual
622 534 655 564 ίιι
676 531 825 574 paresci,
848 529 883 564 in
901 530 1146 575 pulcritudine
1164 531 1218 567 fa-

51 592 128 636 ciei,
156 587 190 626 Ιά
217 593 316 634 dove,
350 590 450 634 idest,
482 589 518 624 in
548 589 606 624 illo
637 589 716 624 loeo
747 589 820 633 ubi,
848 590 874 623 il
903 590 965 623 ciel
995 591 1217 634 c’adombra,

52 651 119 686 sub
134 651 231 686 nube
245 651 390 694 florum,
404 649 694 693 armonizzancw,
708 658 793 683 cum
810 648 888 683 eius
902 648 997 683 dulci
1013 649 1216 694 harmonia,

52 721 163 756 quam
190 713 396 755 sequuntur
422 709 540 756 angeli
568 708 755 753 cantando,
783 711 823 743 ut
844 709 921 754 jam
953 719 1063 754 supra
1090 708 1217 754 patuit,

52 771 192 814 quando
219 771 242 804 li
267 770 414 812 solvesti,
442 768 531 804 idest
549 765 597 813 (¹),
631 767 795 803 detexisti
828 767 958 803 faciem
992 772 1107 813 tuam,
1135 778 1218 814 quae

53 830 152 875 prius
179 832 257 865 erat
275 829 394 875 ligata,
418 838 502 864 cum
522 828 619 873 vitta,
643 829 718 862 nell'
733 838 814 862 aere
838 831 971 872 ape-rto,
990 828 1089 873 idest,
1113 839 1219 874 pur07

52 889 260 924 luminoso?

118 1018 131 1045 ζ’
159 1017 188 1039 E.
207 1015 302 1040 scilice!
320 1016 422 1046 quando
440 1016 564 1039 detexisti.
