1766 2856
502 261 572 294 334
898 264 1103 290 coMENTL‘M
1132 263 1295 289 PARADISI

499 341 615 377 altum
630 343 684 375 est
699 339 746 374 ita
763 337 938 373 naturalis
957 341 993 372 et
1012 336 1180 383 proprius
1196 336 1289 372 sicut
1303 335 1499 371 descensus
1517 345 1626 380 aquae
1644 331 1680 379 (¹)

501 401 536 436 in
564 401 723 443 bassum,
744 397 830 443 quia
852 397 997 432 animus
1025 400 1112 432 tuus
1140 400 1194 433 est
1221 397 1351 443 igneus
1378 399 1414 431 et
1440 395 1608 431 coelestis.
1636 395 1680 430 Et

499 460 641 496 subdit:
671 459 878 502 merariyle'a
905 458 1018 502 saria,
1047 457 1166 504 potius
1193 468 1213 493 e
1240 460 1379 502 contra,
1406 467 1442 491 se
1469 457 1587 501 privo,
1615 466 1682 502 pro

501 520 674 567 privatus,
703 519 1006 563 cl’impedz'menm,
1034 518 1260 565 ignorantiae,
1292 515 1351 561 φ’ἰι
1386 518 1410 552 [ί
1437 518 1525 562 fossi
1556 519 1681 562 assiso,

500 581 602 626 idest,
630 580 786 615 locasses
817 582 853 615 te
886 579 922 614 in
950 582 1060 624 terra,
1094 590 1115 614 a
1147 578 1410 623 sin1i1i700212’a
1443 581 1540 612 terra
1571 578 1683 621 quieto

497 643 600 687 suoco
629 641 719 684 rim,
747 639 848 684 idest,
871 639 963 674 sicut
992 642 1086 674 esset
1113 639 1249 673 mirum
1275 638 1397 674 videre
1416 637 1578 683 aliquam
1604 647 1684 673 ma-

501 702 632 738 teriam
661 699 954 736 combustibilem
982 702 1080 734 stare
1108 698 1271 744 quietam
1299 698 1376 734 sine
1403 698 1526 743 aliqua
1560 701 1685 733 muta-

501 761 599 797 tione
626 761 662 795 in
689 760 772 806 igne
791 769 945 795 accenso
964 759 1116 794 ardenti.
1138 760 1180 794 Et
1199 759 1334 794 claudit
1353 764 1459 805 poeta
1481 759 1684 805 capitulum

501 821 674 868 primum7
703 820 845 855 dicens:
875 821 989 864 quinci
1009 821 1150 864 rivolse,
1171 819 1230 855 illa
1249 819 1407 865 Beatrix,
1432 818 1530 854 int-4²¹1·
1548 821 1581 854 lo
1600 820 1684 855 cz'elo

504 884 528 917 il
556 883 638 925 risos.
671 883 707 914 ut
736 879 910 926 dirigeret
934 890 1061 915 meum
1081 880 1200 915 visum
1222 879 1505 915 intellectualem
1529 879 1564 914 in
1583 878 1683 914 illud.

502 942 541 976 Et
571 941 627 976 hic
655 940 786 975 ultimo
814 943 910 985 nota,
939 940 1064 985 lector,
1093 940 1191 986 quod
1220 950 1308 976 vere
1336 950 1408 975 non
1436 943 1515 975 erat
1547 939 1684 974 mirum

502 1002 594 1037 sicut
633 1001 718 1036 dicit
758 1001 823 1036 ista
862 1000 1020 1046 domina,
1056 1000 1083 1036 si
1118 1000 1185 1036 iste
1221 1001 1332 1036 bomo
1368 1000 1485 1036 veloci
1521 1003 1555 1036 et
1592 999 1685 1036 facili

503 1065 605 1097 motu
634 1061 807 1097 currebat
836 1071 934 1096 nunc
961 1061 997 1096 in
1025 1061 1173 1106 coelum,
1202 1064 1237 1096 et
1269 1060 1457 1097 ferebatur
1484 1060 1520 1096 in
1552 1060 1682 1105 Deum,

503 1123 565 1168 qui
599 1121 745 1158 calcatis
780 1121 952 1157 omnibus
986 1121 1091 1166 vitiis,
1119 1124 1298 1168 purgatus
1325 1121 1495 1157 omnibus
1526 1120 1685 1168 peccatis

501 1185 722 1230 pervenerat
748 1182 793 1217 ad
822 1185 986 1218 montem
1023 1181 1161 1218 celsum
1200 1185 1411 1228 tangentem
1444 1182 1593 1225 coelum,
1623 1180 1684 1216 ubi

502 1243 622 1278 fuerat
658 1242 753 1278 lotus
787 1242 920 1288 duplici
955 1253 1051 1288 aqua
1088 1242 1337 1288 mundissima,
1376 1252 1536 1288 quarum
1568 1242 1684 1277 altera

502 1303 697 1338 induxerat
730 1303 951 1339 oblivionem
985 1303 1182 1347 malorumJ
1216 1303 1330 1338 altera
1367 1302 1586 1338 memoriam
1619 1302 1687 1338 bo—

503 1374 637 1399 norum
667 1364 702 1398 in
729 1363 891 1399 animam
919 1363 1136 1409 depuratam
1157 1363 1204 1398 ab
1223 1362 1323 1399 omni
1342 1362 1578 1398 affectionum
1600 1372 1686 1408 per-

503 1424 723 1469 turbatione,
751 1423 828 1459 sine
856 1423 1027 1470 superbia
1061 1426 1096 1459 et
1128 1423 1336 1469 cupiditate7
1369 1433 1453 1469 quae
1484 1425 1569 1458 sunt
1602 1422 1686 1458 duae

504 1484 643 1520 radices
678 1484 846 1519 omnium
883 1487 1135 1530 peccatorum,
1172 1487 1341 1530 receptus
1378 1487 1413 1519 et
1445 1483 1635 1519 investitus
1664 1493 1686 1518 a

502 1548 641 1590 septem
671 1543 867 1578 virtutibus
895 1543 1028 1589 quibus
1048 1543 1237 1579 revolabat
1264 1544 1299 1579 in
1329 1543 1496 1590 patriam,
1516 1543 1578 1579 ubi
1602 1543 1688 1579 felix

502 1604 618 1639 victor
655 1603 970 1639 infestissimorum
1009 1603 1179 1649 bostium,
1207 1603 1513 1650 gloriosissimum
1552 1603 1688 1639 trium-

502 1664 616 1710 phum
656 1664 730 1699 suis
768 1663 906 1699 meritis
934 1663 1233 1708 praedestinatum
1264 1664 1341 1709 Jam
1376 1664 1555 1710 sperabat.
1591 1663 1688 1706 Quid

504 1724 652 1769 mirum,
681 1724 844 1769 inquam⁷
872 1723 900 1759 si
927 1723 1070 1759 divinus
1097 1724 1154 1759 hic.
1181 1727 1287 1770 poeta
1320 1727 1421 1759 tanto
1455 1734 1567 1760 cursu
1600 1734 1687 1770 pro—

504 1784 657 1819 missum
685 1784 855 1820 bravium
878 1787 1120 1830 properanter
1139 1784 1315 1830 petebat?
1336 1784 1382 1820 ad
1402 1784 1500 1830 quod
1520 1795 1585 1820 nos
1603 1788 1687 1820 tan-

502 1843 584 1879 dem
606 1844 799 1890 pervenire
817 1844 988 1891 dignetur
1009 1844 1069 1890 qui
1089 1847 1260 1880 autorem
1277 1844 1460 1880 viventem
1477 1855 1542 1890 per
1557 1855 1687 1881 omnes

502 1904 671 1950 regiones
698 1904 779 1939 coeli
807 1903 851 1939 ad
880 1914 918 1940 se
946 1905 1093 1940 trahere
1110 1899 1144 1948 ξ’)
1174 1904 1354 1951 dignatus.
1383 1904 1510 1941 Amen.

566 2034 591 2063 5¹]
612 2034 639 2058 Ε·
658 2041 689 2058 ⁰5
706 2035 758 2059 81¹0
777 2035 802 2059 in
821 2035 931 2059 bassum·
1197 2036 1224 2065 (²)
1241 2035 1270 2059 E.
1290 2036 1393 2059 trahere
1411 2038 1447 2059 est
1466 2035 1592 2066 dignatus.
