1766 2856
496 215 565 247 2:38
859 219 1061 245 coMENTL'M
1089 217 1306 244 PURGAToRu

494 295 547 329 Dii
577 294 731 330 scientes
758 293 895 328 bonum
916 295 951 328 et
971 292 1130 337 malum,
1153 301 1217 326 era
1236 292 1283 326 da
1302 292 1414 335 quella
1426 296 1531 336 parte
1548 297 1673 337 aperta

492 356 581 390 oncle
608 356 642 389 la
667 354 859 398 pz‘ceioletta
889 354 988 396 valle,
1009 355 1161 397 semota,
1181 355 1309 388 cavata
1339 351 1373 387 in
1394 356 1516 388 monte
1543 353 1579 388 in
1597 364 1672 398 qua

494 415 636 450 stabant
664 414 798 450 animae
822 413 986 449 virorum
1017 413 1225 458 illustrium,
1246 423 1317 447 non
1343 413 1389 447 Ιια
1412 414 1550 457 ripam,
1570 413 1670 458 idest,

495 475 580 520 quia
609 484 681 509 non
709 474 818 510 habet
846 477 1008 509 montem
1035 474 1255 520 oppositum,
1284 483 1355 508 non
1391 473 1540 518 aliquod
1573 475 1675 510 clau-

495 538 612 569 strum
642 534 698 570 vel
725 534 980 579 obstaculum3
1010 535 1086 569 vult
1114 534 1247 578 dicere,
1283 533 1381 578 quod
1417 543 1566 580 serpens
1602 545 1673 571 non

497 595 666 632 veniebat
685 595 842 641 desuper
862 605 926 641 per
947 598 1124 639 montem,
1146 605 1213 630 nec
1230 595 1276 629 ab
1295 594 1417 639 aliquo
1438 594 1552 631 latere
1571 605 1676 631 mon-

497 656 549 701 tis,
572 656 632 691 ubi
652 659 756 692 erant
775 656 848 691 duo
868 656 987 703 angeli
1007 655 1137 691 armati
1159 655 1385 690 lucidissimis
1409 656 1528 701 spatiS,
1549 667 1674 699 prom-

496 716 544 762 pti
571 716 615 751 ad
643 716 903 761 defensionem,
932 716 995 752 sed
1022 716 1141 751 solum
1177 715 1345 752 veniebat
1378 727 1506 752 versus
1538 717 1671 753 ostium

496 777 597 812 vallis
630 787 693 823 per
730 777 823 812 viam
862 777 1018 822 planam,
1049 776 1254 812 herbosam.
1284 777 1326 811 Et
1358 780 1442 812 nota
1477 777 1575 823 quod
1605 778 1673 813 sub

496 837 560 872 ista
589 838 713 882 pulcra
742 836 885 872 fictione
914 840 1019 882 poeta
1040 836 1174 884 figurat
1194 837 1382 873 moraliter
1402 837 1499 883 quod
1524 837 1674 873 tentatio

496 898 738 944 principaliter
766 898 900 933 invadit
928 898 1114 934 hominem
1142 898 1188 933 ab
1216 908 1258 934 ea
1287 902 1401 944 parte,
1431 908 1503 943 qua
1536 897 1672 934 invenit

495 970 581 995 eum
622 959 737 1005 magis
774 958 1011 994 immunitum
1048 963 1084 995 et
1123 959 1344 1005 imparatum
1369 955 1417 1003 (Γ),
1455 959 1541 1004 quia
1580 958 1673 994 scili-

495 1024 552 1056 cet
578 1019 743 1055 diabolus
770 1019 960 1055 luxurioso
987 1020 1142 1055 ostendit
1164 1021 1328 1066 pulcram
1359 1021 1560 1065 foeminam,
1589 1031 1671 1066 quae

497 1080 604 1116 habet
634 1090 805 1126 magnam
835 1083 1049 1125 potestatem
1079 1080 1114 1115 in
1142 1081 1348 1125 bominem,
1377 1091 1491 1116 avaro
1518 1080 1673 1116 ostendit

499 1151 669 1187 magnam
700 1140 905 1186 pecuniam,
925 1151 1008 1186 quae
1035 1141 1159 1176 onmia
1184 1144 1299 1187 potest
1312 1137 1361 1185 Ji.
1383 1141 1558 1177 Veniebat
1584 1151 1674 1188 ergo

496 1201 640 1237 daemon
669 1211 766 1236 nunc
792 1205 958 1236 armatus
985 1201 1030 1237 ad
1067 1202 1281 1238 tentandum
1311 1202 1395 1238 istos
1433 1202 1570 1238 nobiles
1603 1202 1675 1248 spi—

499 1261 588 1296 ritus
616 1261 725 1297 variis
752 1257 1088 1306 delectabilibus&
1118 1266 1203 1307 puta
1233 1273 1347 1297 unum
1377 1262 1535 1307 luxuria,
1559 1263 1672 1298 alium

498 1322 669 1368 potentia,
705 1323 818 1358 alium
859 1323 998 1369 gloria,
1038 1323 1133 1358 unde
1172 1323 1277 1358 dicit:
1315 1325 1350 1358 la
1390 1325 1484 1359 mala
1523 1326 1673 1368 striscia,

497 1382 597 1427 idest,
628 1383 801 1418 meretrix
837 1383 930 1427 trita,
959 1393 1042 1428 quae
1080 1383 1215 1419 inducit
1252 1384 1437 1419 bominem
1474 1384 1519 1420 ad
1551 1385 1673 1421 omnia

498 1443 603 1487 mala,
635 1445 732 1479 venia
766 1447 823 1478 cra
858 1444 975 1478 l’erba
1005 1455 1023 1478 e
1059 1446 1069 1479 ι’
1100 1445 1196 1489 fiori,
1233 1444 1319 1489 quia
1356 1445 1506 1481 tentatio
1544 1445 1674 1492 ingerit

495 1514 533 1539 se
562 1503 691 1539 blande
719 1504 812 1539 inter
839 1504 985 1540 delicias
1013 1508 1048 1540 et
1074 1505 1332 1541 delectationes
1352 1506 1481 1551 varias,
1503 1507 1672 1550 volyendo

495 1564 542 1598 (cd
569 1574 636 1598 ora
668 1564 716 1598 ad
747 1574 789 1598 or
817 1565 852 1599 la
888 1567 971 1598 cesla
1007 1575 1023 1599 e
1050 1565 1075 1599 il
1103 1566 1219 1609 closso,
1253 1569 1290 1600 ut
1328 1565 1454 1602 reddat
1490 1576 1528 1602 se
1560 1569 1673 1602 totam

497 1624 661 1668 pulcram
690 1627 726 1659 et
752 1623 1006 1669 appetibilem3
1027 1624 1106 1660 ideo
1134 1624 1236 1660 dicit:
1262 1627 1427 1661 leocando
1454 1637 1549 1662 come
1567 1627 1672 1662 bestia

495 1684 554 1718 che
587 1685 618 1718 si
653 1685 759 1719 liscio.
795 1684 936 1719 Lissare
972 1689 1026 1720 est
1063 1685 1249 1730 proprium
1289 1686 1486 1721 mulierum
1525 1687 1670 1732 quando

497 1743 619 1779 fucant
647 1754 685 1780 se
712 1748 747 1780 et
774 1749 926 1780 comunt
954 1748 992 1779 ut
1012 1745 1127 1791 magis
1155 1746 1330 1791 placeant.
1347 1749 1459 1782 -Ιο,
1484 1747 1547 1783 Hic
1567 1751 1672 1793 poeta

495 1805 674 1851 descripta
702 1805 934 1841 insultatione
956 1806 1133 1852 serpentis
1156 1806 1334 1852 insidiosa,
1354 1808 1524 1844 describit
1547 1808 1674 1845 desen-

495 1865 635 1901 sionem
662 1866 904 1912 angelorum3
924 1866 1008 1902 dicit
1035 1876 1148 1913 ergo:
1170 1869 1208 1902 Io
1236 1869 1297 1902 nol
1322 1870 1404 1912 vicli,
1432 1880 1450 1903 e
1474 1865 1562 1913 pero
1579 1870 1674 1905 dicer

496 1928 556 1962 nol
586 1937 705 1971 posse,
739 1937 834 1962 come
866 1937 997 1962 mosset·
1033 1929 1056 1963 let
1091 1930 1203 1963 assor-t
1235 1930 1409 1972 celestefczlz',
1443 1929 1544 1975 idest,
1582 1939 1674 1975 quo-

497 1988 604 2024 modo
630 1988 749 2035 angeli
773 1992 1004 2024 recesserunt
1031 1989 1076 2024 de
1103 1989 1182 2025 loco
1211 1989 1271 2025 ubi
1290 1993 1395 2025 erant
1416 1990 1518 2035 positi
1537 1990 1582 2026 ad
1604 2000 1674 2026 cu-

495 2049 660 2094 stodiam,
688 2049 750 2095 qui
780 2049 910 2085 merito
936 2049 1184 2085 assimilantur
1203 2049 1344 2094 avibus,
1364 2050 1448 2095 quia
1476 2054 1560 2085 sunt
1586 2051 1670 2086 alati

495 2113 530 2145 et
558 2110 783 2154 velocissimi,
814 2114 853 2145 ut
881 2110 1011 2146 totiens
1033 2110 1170 2146 dictum
1203 2114 1267 2154 est,
1296 2114 1331 2146 et
1364 2110 1507 2146 dicetur
1542 2111 1577 2146 in
1605 2111 1672 2146 isto

497 2170 725 2216 Purgatorio,
744 2174 779 2205 et
799 2171 1203 2217 praecipue-asturibus,
1224 2171 1309 2216 quia
1325 2165 1360 2214 &l
1382 2174 1467 2206 sunt
1486 2181 1574 2207 aves
1601 2171 1674 2207 for-

558 2264 584 2292 l')
602 2264 626 2286 S.
645 2264 804 2293 imperitum,
1165 2265 1191 2295 (ἣ
1211 2266 1239 2289 E.
1259 2268 1342 2296 potest
1359 2266 1503 2289 ostendere.
1522 2265 1652 2289 Veniebat.

557 2301 584 2329 (¹)
604 2304 647 2325 1¹7
664 2308 677 2325 e
697 2302 725 2325 E.
743 2302 963 2331 delectationibus,
983 2307 1009 2327 ut
1031 2307 1098 2333 puta.
1166 2304 1191 2333 (⁴)
1210 2305 1238 2328 Ε.
1256 2305 1300 2335 qui
1317 2307 1384 2328 sunt.
