1766 2856
495 224 565 254 264
839 227 1041 253 COMENTUM
1068 227 1288 252 PURGATORH

488 304 559 347 fue,
594 301 679 346 quia
713 300 740 335 si
776 300 890 346 hydra
922 299 1086 334 Herculis
1113 299 1240 334 habuit
1271 303 1410 345 septem
1445 301 1561 346 capita
1592 311 1666 336 non

494 361 618 396 habuit
645 361 771 395 decem
800 369 949 394 cornua.
965 379 1013 384 —
1029 361 1163 394 Sic-ura.
1186 360 1290 394 Nunc
1315 360 1442 395 ultimo
1469 365 1575 406 poeta
1602 360 1667 396 de—

492 421 615 457 scribit
636 419 869 455 novissimam
890 420 1182 465 persecutionem
1203 419 1377 464 ecclesiae,
1397 431 1507 465 quam
1527 421 1666 456 viderat

494 485 659 526 tempore
685 490 764 524 suo,
793 490 866 525 qua
893 480 992 514 nulla
1020 479 1163 515 ridetur
1190 479 1299 514 fuisse
1328 480 1468 525 turpior
1500 481 1667 525 quamvis

494 541 624 585 maior,
637 540 780 585 scilicet,
797 543 954 575 mortem
971 540 1153 585 Bonisacii,
1170 540 1214 575 de
1229 550 1300 585 qua
1317 540 1394 586 J'am
1416 550 1511 586 saepe
1529 540 1666 575 dictum

495 605 558 636 est.
587 600 786 636 Introducit
810 604 935 636 autem
951 601 1094 635 curiam
1116 611 1306 635 romanam
1329 600 1397 635 sub
1420 600 1568 636 nomine
1590 611 1668 636 me-

495 661 646 705 retricis,
666 660 759 695 sicut
777 660 864 695 alias
892 660 985 705 fecit,
1017 664 1051 695 et
1080 670 1206 706 regem
1235 660 1397 695 Franciae
1424 660 1492 695 sub
1520 660 1668 696 nomine

493 721 658 768 gigantis.
692 721 781 755 Dicit
808 731 915 767 crgo:
946 731 1016 755 ana
1044 724 1190 764 ριιίίαηα
1221 722 1355 764 sciolla,
1383 720 1484 766 idest,
1517 721 1667 765 lubrica,

494 781 667 816 dissoluta
683 779 736 825 C),
765 782 842 816 haec
869 784 923 816 est
950 781 1047 816 enim
1069 780 1243 816 meretrix
1268 791 1413 827 magna,
1436 791 1519 826 quae
1541 785 1668 827 sponte

494 852 533 877 se
560 841 701 877 subiicit
729 841 961 886 principibus,
990 844 1024 876 et
1052 840 1173 876 vendit
1202 841 1379 876 honorem
1407 852 1530 886 suum,
1550 844 1668 886 m'ap-

490 912 602 946 parve
644 902 743 935 seder
782 912 962 944 sovresso,
1003 901 1136 936 scilicet
1181 911 1351 946 currum,
1392 912 1458 936 con
1497 904 1526 937 le
1564 904 1668 946 ciylia

489 965 616 1006 prome
642 962 794 1004 ιἠίονηο,
814 965 982 1006 prompta
1011 961 1055 996 ad
1083 961 1335 996 fornicandum
1364 972 1448 997 cum
1477 962 1596 1008 procis
1623 973 1668 998 ex

493 1021 592 1056 omni
629 1025 751 1066 parte,
780 1021 968 1065 meretrix,
996 1021 1087 1066 dico,
1114 1023 1233 1056 siem-a
1266 1023 1366 1065 quase?
1397 1021 1502 1057 rocca
1533 1024 1568 1057 ίη
1599 1024 1669 1058 alto

495 1085 620 1124 monle,
649 1084 797 1126 propter
824 1082 971 1116 culmen
999 1081 1091 1116 sedis
1118 1082 1346 1127 apostolicae,
1370 1086 1405 1118 et
1432 1083 1517 1128 quia
1543 1083 1589 1119 de
1616 1083 1667 1119 rei

495 1141 648 1176 veritate
675 1141 880 1176 Bonifacius
902 1145 988 1176 tunc
1013 1142 1205 1186 reputabat
1231 1152 1270 1177 se
1298 1142 1458 1178 maxime
1480 1153 1668 1188 securum,

495 1201 580 1246 quia
608 1204 687 1236 erat
714 1201 749 1235 in
777 1211 842 1236 sua
869 1201 984 1247 patria
1012 1201 1174 1247 Anagnia
1202 1201 1295 1237 inter
1328 1212 1413 1237 suos
1444 1212 1530 1237 cum
1562 1202 1669 1248 quin-

494 1261 611 1308 gentis
638 1260 849 1296 satellitibus
875 1261 920 1296 ad
948 1261 1149 1296 custodiam
1178 1261 1233 1296 sui
1261 1262 1433 1307 corporis.
1463 1262 1505 1297 Et
1531 1262 1668 1298 subdit:

494 1323 565 1356 vicli
590 1322 626 1356 cli
652 1326 746 1356 cosla
773 1332 795 1355 a
823 1323 866 1356 lei
890 1322 995 1356 dritta
1023 1332 1069 1355 nn
1094 1323 1248 1366 yiywete,
1268 1322 1369 1367 idest,
1399 1333 1525 1369 regem
1554 1323 1669 1359 Fran-

493 1382 558 1417 ciae
585 1382 800 1428 Philippum,
829 1382 890 1427 qui
920 1382 986 1417 suit
1013 1392 1169 1428 magnus
1188 1392 1343 1428 corpore
1365 1386 1400 1418 et
1420 1393 1545 1430 regno,
1571 1383 1670 1419 unde

493 1442 609 1477 dictus
636 1446 689 1477 est
716 1443 862 1488 pulcer;
891 1445 927 1477 et
954 1442 1020 1476 fuit
1048 1446 1147 1477 recte
1173 1442 1287 1489 gigas,
1317 1446 1415 1477 totus
1431 1438 1467 1487 (⁶²)
1497 1446 1667 1479 terrenus

493 1505 529 1537 et
548 1502 740 1548 insurgens
758 1506 886 1537 contra
905 1502 1023 1537 Deum
1045 1512 1147 1537 more
1165 1502 1368 1548 gigantum,
1385 1504 1421 1537 cli
1434 1507 1542 1547 cosla,
1558 1513 1670 1549 prope

494 1561 591 1596 illam
627 1561 873 1606 meretricem,
901 1562 1006 1596 (11·ιίίο
1038 1572 1061 1595 α
1092 1563 1145 1605 lei,
1181 1562 1325 1606 scilicet,
1359 1573 1403 1598 ex
1441 1563 1621 1609 opposito:
1653 1574 1671 1598 e

493 1631 588 1655 come
611 1618 739 1664 perche*
764 1631 831 1655 ηοη
860 1622 909 1664 9ῖὶ
931 1624 1025 1666 fosse
1051 1623 1147 1665 tolla,
1171 1631 1215 1656 ne
1241 1621 1446 1657 adhaereret
1464 1622 1568 1658 alteri
1592 1623 1669 1669 regi

494 1680 551 1715 vel
578 1680 800 1725 imperatori,
829 1680 891 1716 sed
920 1684 1014 1716 esset
1041 1681 1108 1715 sub
1135 1681 1299 1716 custodia
1327 1692 1405 1726 sua,
1431 1682 1524 1717 sicut
1551 1682 1669 1718 suerat

493 1739 572 1785 diu,
600 1740 697 1775 unde
724 1740 827 1776 dicit:
851 1751 868 1775 e
893 1741 1096 1775 bace'avansi
1113 1742 1252 1775 insieme
1270 1743 1398 1776 alc-maa
1419 1743 1529 1776 colla:
1548 1745 1583 1778 et
1602 1742 1670 1778 hoc

494 1799 560 1834 fuit
588 1810 719 1835 verum
747 1801 791 1835 de
818 1801 924 1846 sacto,
944 1801 1029 1846 quia
1049 1804 1133 1836 ante
1160 1801 1421 1837 dissensionem
1450 1802 1543 1838 alter
1570 1804 1670 1838 save-

495 1860 556 1895 bat
582 1861 705 1905 alteri,
733 1864 768 1896 et
795 1861 991 1906 aliquando
1019 1861 1223 1896 Bonisacius
1254 1861 1409 1897 faciebat
1441 1862 1576 1909 gratias
1603 1862 1669 1908 ipsi

494 1920 672 1966 Philippo,
701 1921 762 1956 sed
790 1924 914 1966 postea
934 1921 1116 1967 Philippus
1140 1921 1255 1956 sactus
1274 1924 1328 1956 est
1349 1921 1413 1956 sibi
1435 1922 1545 1957 hostis
1564 1932 1670 1959 acer-

495 1980 622 2015 rimus.
646 1980 746 2016 Unde
768 1981 905 2015 subdit:
931 1991 988 2016 ma
1007 1982 1084 2026 quel
1097 1983 1216 2026 feroce
1241 1982 1370 2025 drud0,
1393 1981 1494 2027 idest,
1513 1982 1670 2018 crudelis

494 2050 638 2086 procus,
653 2041 687 2074 la
704 2037 855 2084 flagello,
871 2041 956 2086 quia
978 2041 1187 2076 verberavit
1208 2041 1310 2086 peius
1333 2051 1444 2086 quam
1461 2042 1574 2077 soleat
1590 2042 1668 2078 fieri

492 2099 537 2134 de
566 2100 770 2145 meretrice,
799 2102 860 2135 dal
885 2112 973 2147 capo
1001 2102 1083 2145 infin
1106 2102 1135 2135 le
1147 2103 1280 2146 piance,
1303 2101 1395 2136 sicut
1414 2105 1468 2136 est
1490 2101 1667 2148 scriptum

494 2169 604 2204 supra
632 2159 696 2193 XX
728 2160 886 2205 capitulo
914 2161 1022 2199 huius
1050 2160 1268 2207 Purgatorii,
1291 2159 1417 2205 perche*
1443 2163 1587 2197 l’occlzio
1609 2173 1669 2198 ca-

560 2289 585 2319 (¹)
603 2289 632 2312 E.
651 2289 781 2314 dissoluta.
800 2291 869 2314 Talis
886 2292 955 2315 enim
973 2294 1011 2315 est
1028 2292 1161 2316 meretrix.
1351 2292 1377 2323 (²)
1395 2292 1423 2316 F.
1441 2293 1501 2323 quia
1519 2295 1595 2317 totus.
