1766 2856
503 242 574 274 328
899 246 1103 272 coMEix-TL'M
1130 245 1296 271 PAnAmsi

499 321 612 358 tendit
635 320 828 356 ostendere
846 319 972 365 pulcra
996 318 1272 355 ratiocinatione
1292 317 1390 363 quod
1408 327 1581 353 ascensus
1602 316 1681 352 eius

498 382 544 417 ad
572 381 707 416 coelum
730 383 783 415 est
802 379 991 425 naturalis,
1011 379 1097 425 quia
1116 380 1227 414 homo
1247 377 1463 413 naturaliter
1482 377 1678 413 inclinatur

499 441 545 476 ad
572 451 763 475 summum
791 440 941 475 bonum.
970 439 1096 485 Incipit
1117 442 1243 475 autem
1266 448 1398 484 parurn
1418 447 1440 472 a
1458 437 1565 484 longe
1584 447 1680 483 prae—

501 500 661 546 mittens,
685 500 783 545 quod
803 500 925 535 onmia
954 500 1107 535 tendunt
1126 499 1162 534 in
1181 499 1319 534 bonum
1341 496 1501 543 quodam
1527 497 1682 532 mirabili

500 561 629 596 ordine
656 564 809 596 naturae.
842 560 943 596 Unde
977 560 1084 596 dicit:
1119 571 1136 595 e
1171 554 1352 602 conducit),
1387 558 1525 604 supple,
1561 557 1683 593 dicere

503 621 561 656 illa
581 618 616 665 (⁴)
644 621 751 657 beata
778 621 936 666 Beatrix,
970 623 999 656 Ie
1031 632 1108 656 cose
1139 624 1218 655 {ulle
1249 623 1375 664 qusmle
1404 620 1522 653 hanno
1558 620 1682 654 ordine

502 685 560 716 {ra
588 683 686 726 loro;
714 685 767 717 est
794 685 918 717 autem
948 681 1037 716 ordo
1065 681 1208 727 parium
1242 679 1517 725 dispariumque
1553 689 1680 714 rerum

503 752 570 777 suo
598 742 678 777 loco
705 742 1002 777 collocandarum
1030 741 1150 776 debita
1177 740 1371 786 dispositio,
1400 743 1440 775 ut
1467 739 1516 774 ait
1552 739 1681 786 Augu-

499 802 634 847 stinus3
668 812 733 848 per
761 812 890 847 quem:
925 802 1064 845 singula
1102 811 1244 844 (luceque
1278 802 1388 835 locum
1423 803 1536 835 tenent
1559 801 1684 834 sortita

499 865 669 906 decenter,
698 865 738 897 ut
765 862 849 897 dicit
875 862 1065 906 Horatius,
1094 864 1130 897 et
1156 861 1319 906 loquitur
1345 864 1454 896 autor
1481 860 1527 896 de
1557 860 1685 896 ordine

500 922 677 967 naturali,
706 922 803 958 unde
830 922 933 957 dicit:
962 933 979 957 e
1005 925 1134 966 questo,
1154 921 1300 966 scilicet,
1320 920 1421 966 ordo,
1444 919 1463 955 e*
1479 923 1601 966 forma
1627 921 1686 956 che

500 985 520 1018 l·
537 985 712 1027 universo,
740 982 875 1018 scilicet
894 986 1012 1017 totum
1041 982 1234 1027 mundum,
1260 984 1300 1027 fa
1327 983 1533 1026 simiylz'ante
1560 992 1582 1016 α
1600 982 1683 1025 Dio,

499 1043 579 1079 ideo
599 1043 692 1079 bene
712 1042 798 1078 nihil
818 1043 959 1088 melius,
975 1043 1061 1077 nihil
1077 1042 1239 1088 pulcrius
1258 1042 1293 1077 in
1310 1052 1436 1077 rerum
1458 1044 1589 1076 natura
1608 1041 1684 1087 ipso

500 1103 639 1148 ordine,
668 1107 707 1138 ut
734 1102 817 1138 dicit
844 1102 1088 1148 philosophus.
1118 1102 1217 1137 Sicut
1245 1112 1334 1149 ergo
1361 1102 1478 1137 dictus
1506 1101 1596 1137 ordo
1629 1104 1682 1137 est

501 1175 521 1199 a
542 1165 629 1209 Deo,
653 1164 701 1199 ita
722 1174 779 1199 res
798 1163 995 1199 mundanae
1013 1167 1098 1198 sunt
1116 1174 1137 1198 a
1155 1163 1250 1198 dicto
1269 1162 1408 1208 ordine,
1425 1166 1459 1198 et
1478 1162 1681 1198 secundum

502 1225 605 1260 illum
634 1225 813 1271 recipiunt
841 1224 1105 1260 distinctionem
1134 1228 1169 1260 et
1195 1224 1443 1260 diversitatem
1480 1224 1515 1259 in
1551 1234 1680 1260 earum

502 1285 787 1331 operationibus.
830 1285 873 1320 Et
912 1285 1042 1331 probat
1083 1285 1151 1320 hoc
1189 1285 1308 1331 primo
1349 1284 1384 1319 in
1423 1284 1683 1330 spiritualibus,

500 1346 630 1382 deinde
657 1346 693 1381 in
721 1345 959 1391 naturalibus,
988 1346 1130 1381 dicens:
1159 1347 1262 1380 l'alce
1288 1349 1460 1390 creature,
1492 1345 1594 1390 idest,
1616 1355 1683 1381 an-

500 1406 626 1453 gelicae
654 1406 876 1451 substantiae,
906 1407 1053 1450 veyffl'on
1081 1407 1149 1451 qui,
1181 1405 1324 1451 scilicet,
1354 1405 1389 1441 in
1417 1405 1511 1441 dicto
1543 1405 1681 1451 ordine,

499 1469 651 1511 l'orma,
679 1466 781 1512 idest,
810 1466 1005 1513 vestigium
1034 1467 1091 1502 vel
1124 1466 1350 1512 exemplum,
1381 1467 1459 1501 clell’
1471 1470 1587 1501 eterno
1621 1474 1684 1500 va-

499 1529 587 1571 lore,
607 1527 707 1572 idest,
730 1526 860 1562 divinae
888 1526 1068 1571 honitatis,
1089 1528 1114 1561 il
1131 1528 1243 1571 quale,
1266 1526 1411 1572 scilicet,
1432 1527 1547 1572 valor,
1566 1524 1585 1561 e*
1598 1527 1680 1570 fine,

499 1588 645 1632 scilicet,
674 1586 837 1631 ultimus,
865 1588 903 1621 al
929 1588 1029 1631 quale
1055 1585 1074 1622 e*
1096 1589 1186 1632 falla
1220 1589 1254 1622 la
1290 1591 1423 1622 toccula
1459 1597 1600 1631 norma,
1636 1585 1682 1622 ad

499 1658 611 1693 quem
641 1647 751 1682 finem
780 1647 893 1682 tendit
920 1647 1036 1682 dictus
1064 1647 1153 1682 ordo
1173 1651 1321 1693 propter
1340 1657 1451 1692 quem
1472 1650 1525 1682 est
1553 1647 1680 1682 sactus.

500 1728 548 1733 —
564 1708 790 1742 Nell'ordz‘ne.
807 1707 871 1742 Hic
890 1707 1035 1742 Beatrix
1055 1706 1210 1742 ostendit
1229 1706 1396 1742 ordinem
1416 1717 1495 1743 esse
1514 1706 1550 1742 in
1570 1707 1682 1743 rebus

500 1767 748 1811 naturalibus3
777 1766 873 1802 unde
901 1767 1003 1802 dicit:
1038 1770 1129 1802 Tulle
1147 1771 1285 1811 matre,
1304 1767 1406 1813 idest,
1434 1767 1599 1802 omnium
1621 1777 1681 1803 re-

500 1839 585 1863 rum
614 1831 650 1863 et
677 1827 894 1873 specierum,
922 1838 1009 1862 sono
1037 1829 1179 1871 accline,
1207 1827 1308 1872 idest,
1337 1828 1524 1864 acclinatae
1546 1828 1604 1864 vel
1626 1828 1682 1863 in-

500 1888 697 1933 clinabiles,
724 1889 937 1923 well'ordine
964 1889 1061 1923 cle’z'o
1087 1889 1179 1932 dieo,
1207 1888 1352 1934 scilicet,
1382 1889 1596 1935 praedictum
1619 1899 1681 1925 or—

499 1948 621 1984 dinem
651 1948 907 1984 universalem.
943 1949 985 1984 Et
1012 1949 1068 1985 hic
1102 1953 1185 1985 nota
1219 1949 1317 1995 quod
1348 1953 1472 1986 tantus
1506 1953 1560 1987 est
1590 1950 1681 1987 ordo

500 2013 654 2055 naturae,
683 2012 722 2044 ut
749 2009 847 2054 quod
875 2012 929 2046 est
956 2019 1183 2045 venenosum
1204 2014 1240 2046 et
1259 2010 1516 2046 inconveniens
1544 2010 1607 2046 uni
1626 2014 1679 2047 est

501 2069 589 2104 utile
617 2072 652 2104 et
671 2069 893 2105 conveniens
915 2070 1038 2115 alteri,
1058 2070 1151 2105 sicut
1164 2070 1400 2116 jusquiamus
1419 2070 1482 2116 qui
1501 2074 1554 2106 est
1576 2070 1678 2106 cibus

499 2130 653 2175 passeris
681 2129 763 2165 licet
791 2130 927 2165 homini
955 2130 999 2165 sit
1017 2141 1240 2176 venenosus,
1261 2134 1296 2167 et
1320 2131 1413 2167 sicut
1432 2132 1596 2178 napellus
1624 2133 1679 2168 in—

499 2189 629 2224 terficit
657 2190 842 2226 hominem
872 2192 990 2226 solum
1018 2195 1196 2238 portatus,
1215 2195 1250 2227 et
1271 2192 1464 2228 mulierem
1485 2203 1678 2240 praegnan-

561 2319 588 2349 (¹)
606 2320 635 2343 E.
654 2319 695 2343 ilia
716 2320 826 2343 Bcntrix.
