1737 2836
365 226 500 252 CANTIJS
526 227 716 253 VIGESIMUS
743 227 918 258 QUARTUS.
1181 222 1225 252 77

58 297 263 344 dignatione
290 308 428 333 caecum
447 298 626 343 judicium
647 299 906 344 quorumdam,
929 299 992 344 qui
1017 299 1227 346 ignoranter

55 357 278 394 contendunt
296 357 341 393 de
360 358 437 393 hoc.
458 357 559 393 Unde
580 358 681 393 dicit:
704 369 722 392 e
743 360 837 402 qual,
860 358 961 404 idest,
987 359 1223 405 quicumque,

54 419 85 453 si
101 420 197 452 melle
208 414 270 462 pist
292 419 378 452 ollre
403 428 425 451 a
450 418 626 460 guardam
659 417 704 452 de
731 418 809 462 hoc,
838 429 909 453 non
932 420 1014 453 vede
1031 417 1105 463 pict,
1124 418 1225 464 idest,

54 487 126 513 non
145 477 328 522 cognoscit
347 477 436 522 plus,
456 477 615 511 clall’zmo
633 478 723 519 stilo,
743 477 887 522 scilicet,
907 489 928 513 a
957 482 1020 513 tuo
1047 478 1224 514 moderno

55 539 232 580 αΙΙάῖιι-ο,
260 537 402 581 scilieet,
432 539 555 572 nostro
581 536 755 582 antiqu03
784 540 820 572 et
846 537 949 572 dicit:
977 549 994 572 e
1021 541 1120 582 quasi
1142 549 1226 573 con-

55 601 181 632 tentato
207 598 237 631 st
262 600 391 639 taceae,
413 596 558 641 scilicet,
578 596 676 642 quod
704 600 777 631 tam
806 597 932 643 pulcre
953 597 1143 634 detexerat
1162 608 1225 634 ve-

57 657 211 692 ritatem.
240 657 281 691 Et
308 657 364 692 hic
392 660 475 692 nota
503 660 681 702 quantum
706 660 812 703 poeta
838 660 961 693 noster
989 658 1079 693 lianc
1108 662 1225 693 mate—

56 718 147 752 riam
175 716 317 751 bassam
345 716 560 751 exaltaverit
587 720 623 752 et
650 717 825 752 velaverit
848 717 968 752 verbis
987 727 1059 752 non
1077 717 1223 762 apertis.

55 796 103 802 -
120 778 230 811 Come.
250 776 312 811 Hic
334 779 439 822 poeta
467 776 565 812 [inita
593 776 653 812 tali
680 777 845 822 materia,
874 787 1060 813 recessum
1088 777 1226 813 descri-

54 836 106 871 bit
132 836 275 872 illarum
307 835 515 871 animarum
550 846 615 882 per
650 847 760 872 unam
795 837 1106 883 comparationem
1140 837 1224 872 satis

54 896 202 940 claram,
231 895 369 931 dicens:
406 899 501 931 Taua
528 898 563 930 Ia
589 901 686 940 yeme
713 897 771 931 che
798 892 820 931 ῖὶ
846 907 922 940 θνα,
946 897 1091 942 scilieet,
1119 897 1225 943 gulo-

54 966 193 999 sorum,
224 965 307 999 quae
338 959 417 990 erat
450 956 555 991 turba
587 956 671 991 satis
703 966 848 1002 magna,
877 957 1045 1000 volyendo
1076 958 1101 991 il
1135 958 1220 1001 viso,

53 1025 164 1060 quem
192 1014 292 1060 prius
326 1015 471 1050 tenebat
499 1015 613 1051 fixum
647 1016 682 1050 in
710 1026 780 1060 me,
813 1011 974 1060 raffrello
1007 1026 1069 1050 suo
1097 1027 1221 1060 passo,

53 1074 317 1110 festinaverunt
343 1078 498 1119 tantum,
518 1079 697 1120 quantum
722 1075 998 1111 retardaverant
1025 1076 1069 1111 ad
1097 1076 1223 1112 viden-

53 1134 140 1169 dum
169 1134 321 1169 Dantem
358 1134 497 1180 vivum,
529 1135 617 1170 dum
650 1135 869 1180 loquebatur
896 1146 980 1170 cnm
1009 1135 1156 1171 Foresio
1188 1139 1223 1171 et

54 1194 303 1240 Bonagiunta:
332 1195 389 1230 illa
416 1195 495 1231 dico
521 1206 622 1241 gens,
649 1197 790 1240 leyyera
812 1206 880 1240 per
907 1206 1099 1239 mayrezza
1121 1207 1138 1230 e
1159 1207 1224 1241 per

56 1255 182 1298 volere,
202 1255 287 1300 quia
308 1255 461 1291 libenter
480 1255 679 1291 currebant
692 1255 737 1291 ad
752 1255 1020 1301 purgationem7
1039 1252 1108 1291 cosi
1127 1266 1222 1291 come

54 1316 104 1359 ylt'
130 1316 243 1359 augei,
270 1315 415 1360 scilicet,
442 1325 567 1361 grues,
595 1316 654 1350 elle
680 1326 813 1350 vernare
841 1317 983 1360 lzmgyo’l
1008 1318 1100 1360 Nilo,
1119 1316 1220 1360 idest,

54 1374 228 1421 hyemant
268 1375 302 1409 in
335 1375 490 1420 *Egypto
523 1385 588 1420 per
628 1385 739 1420 quam
779 1375 913 1410 labitur
948 1375 1059 1419 Nilus‚
1094 1377 1225 1410 (demea

54 1437 146 1469 volta
172 1436 209 1469 sla·
233 1446 268 1469 se
292 1436 403 1479 fanno
429 1436 578 1478 schiera,
597 1445 682 1470 cum
706 1445 841 1481 magno
868 1435 1007 1478 ordine,
1033 1437 1093 1480 μοι’
1121 1437 1224 1470 volan

47 1492 110 1539 piz‘c
129 1496 163 1529 in
179 1496 284 1539 stella
302 1506 320 1529 e
339 1506 453 1530 Damno
472 1497 504 1529 ιή
522 1496 593 1539 filo.
618 1495 659 1529 Et
686 1498 771 1530 nota
794 1495 890 1540 quod
918 1497 1142 1541 comparatio
1171 1500 1224 1532 est

53 1554 157 1590 valde
188 1555 333 1601 propria
368 1554 413 1590 de
445 1555 638 1590 animabus
672 1554 812 1590 levibus
838 1555 883 1590 ad
917 1566 1003 1590 aves
1037 1557 1218 1592 volantes:

53 1614 145 1649 sicut
171 1614 267 1650 enim
295 1625 407 1661 grues
433 1625 517 1650 cum
549 1624 682 1660 magno
709 1614 837 1650 ordine
863 1615 1010 1650 solieitae
1036 1615 1082 1651 de
1108 1616 1224 1652 salute

53 1686 119 1711 sua
147 1675 283 1710 faciunt
310 1675 354 1710 de
383 1685 421 1710 se
448 1678 586 1710 rectam
614 1675 758 1720 lineam,
786 1675 933 1720 quando
962 1678 1151 1711 transeunt
1177 1676 1223 1712 tle

54 1735 204 1771 Thracia
232 1735 380 1781 regione
407 1735 534 1781 frigida
561 1735 596 1769 in
618 1734 815 1781 AEgyptum
840 1735 1027 1781 regionem
1048 1735 1222 1781 calidam3

55 1795 102 1830 ita
131 1798 229 1830 recte
255 1794 386 1829 animae
414 1794 488 1829 istae
515 1794 630 1830 avidae
657 1805 733 1830 suae
765 1794 989 1841 purgationis
1017 1795 1153 1830 faciunt
1179 1796 1224 1831 de

55 1865 94 1891 se
113 1855 258 1900 longam
279 1857 314 1889 et
331 1854 534 1889 ordinatam
553 1854 681 1899 aciem‚
701 1855 847 1900 quando
867 1855 989 1890 volant
1016 1866 1080 1901 per
1103 1856 1223 1890 circu-

55 1915 130 1949 lum
159 1914 340 1960 frigidum,
368 1914 429 1948 ubi
467 1917 551 1948 sunt
578 1924 685 1959 poma
714 1914 852 1960 frigida,
885 1918 920 1949 et
955 1925 1051 1959 aqua
1083 1915 1223 1961 frigida,

55 1975 295 2021 temperantia
321 1974 467 2019 cibaria,
488 1978 523 2009 et
543 1974 625 2009 vina
643 1973 769 2019 calida,
790 1984 917 2009 versus
936 1974 1115 2010 circulum
1136 1975 1221 2010 cali-

53 2035 153 2080 dum,
182 2035 243 2070 ubi
270 2038 324 2070 est
350 2034 441 2081 ignis
468 2044 629 2081 purgans
654 2033 879 2069 luxuriosos:
899 2033 1027 2070 deinde
1046 2035 1167 2070 volant
1186 2031 1220 2079 (⁴)

54 2105 181 2131 versus
196 2094 374 2130 circulum
390 2104 602 2138 avarorum,
619 2104 778 2139 quorum
795 2094 896 2140 regio
911 2098 963 2130 est
980 2094 1220 2140 frigidissima,

53 2155 145 2191 sicut
170 2165 282 2201 grues
309 2154 472 2190 similiter
498 2157 736 2189 revertuntur
759 2154 804 2189 ad
830 2154 1017 2201 regionem
1044 2155 1223 2201 frigidam.

118 2285 145 2315 (¹)
164 2284 192 2308 E.
212 2284 335 2308 revolant.
