1737 2836
350 224 486 250 CANTL'S
514 225 703 250 molismus
730 224 922 250 sECL‘NDUs.
1174 220 1215 251 41

51 298 121 332 vita
140 300 276 332 attente
294 296 511 331 auscultavit
530 299 565 331 et
584 296 781 331 ruminavit
799 296 893 332 dicta
909 296 1042 343 Virgilii
1058 300 1093 332 et
1107 297 1219 342 Statii,

52 361 86 393 et
112 357 227 392 multa
254 357 373 392 didicit
406 359 553 402 poetare
584 357 630 392 ab
663 361 823 402 utroque
854 367 1002 402 eorum3
1036 358 1116 393 ideo
1148 368 1219 392 non

49 417 212 464 ingratus
240 417 355 452 reddit
381 416 431 451 eis
458 415 621 450 debitum
650 417 838 451 honorem.
855 419 977 452 —Ma
1000 421 1095 452 tosto.
1116 417 1219 452 Nunc

51 480 154 523 poeta
173 477 341 512 describit
359 475 568 522 generalem
589 486 734 520 poenam
754 487 826 520 qua
847 477 901 511 liic
924 482 1128 523 purgantur
1147 488 1216 524 gu-

49 536 124 572 losi.
152 536 204 571 Ad
231 536 334 571 cuius
361 545 477 581 poenae
494 532 528 578 G)
558 535 831 581 intelligentiam
859 539 912 570 est
948 536 1003 570 liic
1036 536 1218 582 perspica—

50 596 138 631 citer
165 596 389 639 intuendum,
410 595 507 640 quod
529 598 638 630 autor
665 598 788 629 noster
816 594 897 629 sacit
921 594 1102 630 fictionem
1131 606 1216 631 cum

51 665 182 701 magna
212 659 290 690 arte
322 655 447 690 utilem
479 658 514 690 et
546 654 807 690 delectabilem.
840 653 957 700 Fingit
989 654 1085 689 enim
1120 656 1216 700 quod

50 715 182 761 reperit
209 715 244 749 in
273 714 391 750 medio
419 714 485 749 via}
514 724 623 749 unam
657 714 827 749 arborem
863 714 1044 749 excelsam
1081 715 1218 749 liaben-

49 777 122 810 tem
150 784 257 820 poma
291 775 427 820 pulcra,
465 774 602 818 suavia,
630 773 823 818 odorifera,
851 773 955 809 cuius
989 774 1105 809 forma
1139 778 1219 809 erat

48 834 229 869 contraria
256 834 386 869 nostris
413 833 616 868 arboribus.
642 834 756 879 Stipes
779 833 876 868 enim
904 833 981 869 eius
1009 837 1088 869 erat
1114 844 1219 880 gros-

49 904 110 929 sus
136 893 292 939 desuper
320 894 381 928 ubi
409 893 498 928 solet
518 904 596 928 esse
614 903 719 938 apex,
738 896 774 928 et
793 903 857 938 per
876 903 1103 938 consequens
1126 893 1218 928 rami

49 953 248 999 grossiores
275 957 379 988 erant
405 953 574 998 superius
602 953 663 988 ubi
690 953 804 987 solent
833 962 910 988 esse
938 952 1154 997 subtiliores,
1184 956 1219 988 et

50 1016 153 1048 erant
180 1012 335 1048 revoluti
362 1012 547 1057 deorsum,
576 1012 624 1047 ita
652 1015 691 1046 ut
722 1022 830 1047 nemo
863 1012 1060 1047 ascendere
1087 1016 1216 1057 posset.

49 1074 91 1109 Et
117 1084 138 1109 a
164 1074 280 1109 latere
309 1073 438 1108 montis
458 1073 590 1107 fluebat
609 1083 704 1117 aqua
724 1072 822 1117 levis,
842 1072 994 1117 sincera,
1015 1072 1216 1118 perspicua,

49 1143 131 1178 quae
159 1133 310 1168 faciebat
338 1132 562 1168 contrarium
591 1136 800 1167 nostrarum
820 1142 1020 1177 aquarum;
1045 1132 1128 1177 quia
1154 1132 1215 1167 ubi

47 1196 179 1229 nostrae
197 1203 302 1238 aquae
322 1193 490 1227 balneant
508 1196 641 1227 terram
661 1192 705 1227 ad
725 1192 832 1237 pedes
850 1192 1001 1236 arboris,
1018 1192 1074 1227 illa
1090 1202 1218 1227 ascen-

48 1253 154 1289 debat
180 1263 245 1298 per
271 1252 352 1287 solia
381 1252 497 1297 pomig
526 1252 641 1297 gulosi
668 1256 792 1287 autem
813 1255 908 1286 stant
934 1252 1002 1286 sub
1029 1251 1162 1286 arbore
1182 1254 1217 1286 et

48 1312 278 1358 respicientes
314 1312 486 1347 continuo
521 1312 681 1346 fructum
715 1311 859 1346 dulcem
896 1311 1144 1346 delectabilem
1181 1314 1216 1345 et

47 1382 194 1417 aquam,
221 1371 431 1407 alliciuntur
458 1380 603 1415 semper
626 1370 721 1405 fame
749 1373 783 1405 et
809 1370 874 1405 siti.
895 1370 998 1404 Nunc
1019 1369 1063 1404 ad
1084 1380 1216 1415 propo-

47 1432 155 1467 situm
173 1444 180 1466 :
202 1431 257 1466 hie
276 1435 329 1466 est
347 1430 708 1465 convenientissimus
732 1430 860 1465 modus
880 1429 1059 1476 purgandi
1086 1430 1216 1464 vitium

46 1491 256 1538 gulositatis,
284 1494 324 1525 ut
349 1490 481 1525 scilicet
509 1490 659 1535 gulosus
683 1489 806 1525 videns
834 1493 870 1525 et
896 1489 1054 1524 sentiens
1081 1489 1217 1525 cibaria

46 1551 238 1596 splendida,
266 1550 416 1586 delicata
444 1554 479 1585 et
506 1549 631 1584 suavia
651 1549 733 1584 vina
760 1560 831 1584 non
855 1552 978 1595 tangat
997 1549 1059 1584 sed
1078 1550 1212 1585 afficiat

46 1611 169 1658 gulam
198 1614 233 1646 et
259 1614 408 1657 gustum
437 1610 532 1644 same
554 1612 589 1644 et
608 1609 674 1653 siti,
699 1612 735 1644 et
753 1609 931 1644 abstineat
949 1619 970 1643 a
989 1609 1075 1643 cibis
1095 1613 1130 1643 et
1149 1619 1214 1654 po-

48 1670 141 1705 tibus
168 1669 344 1715 pretiosis,
366 1672 401 1704 et
420 1672 546 1703 utatur
565 1668 693 1703 vilibus
713 1671 748 1703 et
765 1668 918 1714 grossis,
947 1668 1043 1713 quod
1066 1668 1215 1714 egregie

47 1729 227 1776 figuratur
255 1730 289 1764 in
322 1730 387 1764 bac
420 1729 562 1763 arbore.
595 1728 684 1762 Nam
718 1738 825 1773 poma
857 1738 940 1773 quae
973 1731 1057 1763 sunt
1089 1728 1215 1773 pulcra

48 1789 138 1824 visui
166 1792 201 1824 et
231 1789 349 1824 dulcia
380 1788 513 1834 gustui,
542 1788 700 1834 figurant
733 1788 855 1823 onmia
888 1798 1025 1834 genera
1059 1788 1215 1823 cibario—

49 1844 181 1892 rumfss‘
219 1852 254 1883 et
287 1847 556 1893 appetibilium:
584 1857 680 1892 aqua
716 1847 836 1882 suavis
872 1851 908 1882 et
945 1847 1043 1882 clara
1080 1846 1214 1892 figurat

47 1918 155 1943 omne
181 1918 297 1954 genus
324 1908 561 1953 poculorum:
589 1906 686 1951 quod
713 1907 824 1941 arbor
855 1910 909 1942 est
941 1916 1069 1941 eversa
1100 1906 1147 1941 ita
1175 1910 1216 1941 ut

47 1968 168 2003 nullus
186 1967 383 2003 ascendere
404 1967 533 2010 valeat,
552 1966 685 2012 figurat
704 1966 982 2011 prohibitionem
1003 1976 1085 2011 quae
1104 1969 1216 2012 auget

48 2027 396 2073 concupiscentiam,
420 2027 467 2062 ita
487 2026 584 2071 quod
604 2029 948 2071 quantumcumque
967 2026 1076 2060 homo
1096 2025 1216 2061 videat

48 2090 84 2123 et
110 2087 239 2122 sentiat
270 2087 335 2122 ista
370 2086 602 2121 incitamenta
637 2085 745 2131 gulae,
772 2085 948 2120 abstineat
980 2085 1025 2119 ab
1057 2085 1120 2129 eis,
1148 2095 1214 2120 nec

46 2150 171 2182 currat
197 2146 301 2182 avide
326 2146 371 2181 ad
398 2156 453 2190 ea,
480 2145 573 2180 sicut
599 2144 703 2180 multi
736 2144 852 2180 viliter
869 2140 903 2188 (³)
939 2144 1083 2179 faciunt.
1121 2144 1215 2189 Gula

108 2239 134 2268 (¹)
153 2240 181 2263 E.
200 2240 240 2263 Ad
258 2241 330 2263 cuius
348 2240 443 2263 scilicet
462 2246 550 2268 poenae.
700 2238 725 2267 (²)
744 2238 772 2261 E.
790 2238 907 2261 ciborum
925 2237 1109 2267 appetibilium.

109 2277 134 2306 (¹)
152 2277 181 2301 E.
200 2278 314 2301 viriliter.
