1766 2856
502 239 570 270 240
867 242 1071 267 COMENTUM
1095 241 1315 267 PL'RGATORII

500 317 638 352 dicant:
672 326 716 351 ex
747 313 864 361 gratia
898 313 1042 359 speciali
1074 314 1322 359 supplicamus
1349 314 1423 359 tibi,
1452 315 1537 360 quia
1565 315 1674 351 etiam

500 377 659 412 multum
681 386 746 410 nos
765 373 886 418 coluit‚
910 375 969 408 che
986 375 1124 419 disvete,
1147 374 1248 419 idest,
1272 374 1431 421 detegas,
1453 377 1487 410 la
1510 378 1597 410 vista
1616 379 1674 410 tna

498 447 520 471 α
548 438 615 480 Im,-
642 436 734 470 sicut
761 434 858 470 enim
886 434 1002 480 patuit
1030 445 1140 480 supra
1168 434 1313 470 Beatrix
1343 438 1421 470 erat
1450 436 1566 471 velata
1594 436 1675 471 velo

498 496 580 532 albo
607 506 719 541 supra
747 495 903 539 vultum,
924 498 959 530 et
986 495 1101 530 cincta
1130 505 1265 531 corona
1293 495 1398 530 olivae
1423 495 1518 531 circa
1545 500 1673 542 caput3

500 556 581 592 ideo
605 558 735 602 rogant
762 565 843 590 eam
874 554 972 599 fides,
993 565 1075 600 spes
1102 559 1138 590 et
1165 555 1308 599 caritas,
1330 559 1369 590 ut
1388 555 1533 602 detegat
1551 555 1669 591 visum

499 627 622 660 suum,
650 616 698 651 ita
726 619 765 650 ut
797 615 902 650 Danti
930 618 1053 660 pateat
1080 614 1266 660 plenitudo
1299 618 1334 650 et
1373 615 1543 660 splendor
1570 615 1670 652 faciei

498 688 585 721 suae,
600 676 702 721 idest,
717 675 942 721 profunditas
961 685 1075 710 sacrae
1097 675 1299 720 scripturae.
1320 675 1421 711 Unde
1444 675 1550 711 dicit:
1569 671 1598 710 si
1615 677 1674 711 che

497 739 671 780 discernet,
687 736 787 781 idest,
803 736 1012 771 discernere
1030 735 1153 781 possit,
1166 736 1200 769 la
1218 736 1369 770 seconcla
1388 736 1541 770 bellezza
1560 737 1618 770 che
1636 740 1670 771 tn

496 799 575 841 cele,
595 797 684 832 idest
704 796 793 842 tegis
816 796 884 830 sub
903 796 994 831 velo.
1016 795 1058 830 Et
1082 795 1137 830 hic
1158 799 1242 830 nota
1263 795 1360 841 quod
1389 795 1533 831 Beatrix
1562 796 1671 832 habet

496 857 677 902 duplicem
706 855 1007 901 pulcritudinem3
1045 866 1129 890 nam
1165 855 1284 901 primo
1323 859 1454 891 tractat
1485 855 1529 891 de
1561 855 1673 891 rebus

499 915 680 959 humanis,
704 915 837 950 scilicet
859 914 904 950 de
923 914 1015 949 vitiis
1037 918 1073 950 et
1095 915 1302 960 virtutibus,
1323 918 1359 951 et
1386 915 1491 950 istam
1515 915 1670 961 primam

496 975 781 1022 pulcritudinem
805 975 882 1021 Jam
912 975 998 1010 vidit
1024 978 1130 1021 poeta
1158 975 1396 1011 describendo
1425 975 1607 1011 infernum
1636 980 1672 1011 et

495 1036 776 1082 purgatorium:
809 1035 969 1071 secundo
1007 1039 1136 1071 tractat
1173 1035 1218 1071 de
1257 1035 1384 1070 divinis
1419 1039 1455 1071 et
1489 1036 1671 1071 altissimis

495 1097 587 1132 sicut.
605 1096 650 1131 de
670 1097 745 1132 Deo
764 1100 800 1131 et
818 1096 968 1142 angelis,
989 1099 1024 1131 et
1046 1096 1149 1131 istam
1166 1095 1450 1141 pulcritudinem
1470 1096 1668 1132 secundam

495 1157 614 1192 statim
644 1156 800 1192 ostendit
827 1156 884 1191 hic
910 1156 1055 1191 Beatrix
1083 1156 1118 1190 in
1146 1156 1308 1201 confuso⁷
1329 1166 1439 1201 quam
1460 1157 1570 1202 paulo
1590 1161 1669 1202 post

496 1217 629 1252 videbit
656 1216 859 1262 specialiter
878 1220 914 1251 et
932 1216 1111 1263 gradatim
1133 1227 1278 1262 semper
1300 1220 1526 1253 crescentem
1549 1217 1584 1252 in
1607 1228 1671 1263 pa-

496 1277 625 1312 radiso.
641 1297 689 1302 —
708 1279 737 1312 0
762 1278 939 1321 splendor.
967 1276 1030 1312 Hic
1060 1276 1187 1311 ultimo
1215 1280 1321 1322 poeta
1339 1277 1493 1312 ostendit
1513 1277 1670 1323 qualiter

495 1337 640 1372 Beatrix
669 1340 767 1372 mota
795 1336 963 1382 precibus
991 1336 1135 1371 illarum
1165 1336 1398 1372 dominarum
1427 1337 1582 1372 ostendit
1603 1337 1669 1372 sibi

494 1397 775 1443 pulcritudinem
804 1396 1003 1432 secundam
1032 1397 1104 1431 oris
1132 1397 1199 1441 sui,
1220 1392 1353 1432 scilicet
1371 1397 1614 1433 divinitatem:
1634 1401 1669 1433 et

494 1457 618 1492 volens
646 1456 839 1492 ostendere
866 1457 1119 1492 excellentiam
1141 1457 1241 1491 istius
1258 1453 1292 1500 Ψ
1315 1457 1565 1502 pulcritudinis
1588 1457 1670 1493 facit

493 1517 659 1562 pulcram
688 1516 993 1551 exclamationem
1022 1526 1106 1551 cum
1135 1516 1377 1552 admiratione
1410 1517 1455 1552 ad
1489 1527 1670 1552 excusan-

492 1577 580 1611 dum
609 1587 647 1612 se
675 1576 702 1611 si
722 1586 793 1611 non
813 1575 896 1611 facit
917 1575 972 1610 hic
990 1575 1270 1621 descriptionem
1290 1576 1399 1611 huius
1418 1576 1669 1622 pulcritudinis

492 1636 726 1671 admirandae.
760 1636 802 1671 Et
840 1635 924 1671 dicit
956 1635 1218 1671 sententialiter
1240 1632 1287 1680 (fl,
1320 1636 1418 1681 quod
1451 1637 1573 1671 nullus
1604 1637 1667 1672 fuit

495 1706 657 1741 unquam
679 1699 752 1731 tam
769 1695 951 1731 studiosus
966 1698 1071 1740 poeta
1092 1699 1127 1730 et
1146 1698 1287 1740 acutus7
1308 1695 1369 1740 qui
1390 1706 1461 1731 non
1482 1695 1667 1732 videretur

494 1755 592 1790 rudis
620 1758 655 1790 et
674 1755 824 1802 ignarus
843 1755 870 1790 si
890 1759 1132 1801 praesumeret
1150 1755 1358 1790 describere
1382 1755 1665 1800 pulcritudinem

493 1825 604 1860 quam
629 1825 725 1850 nunc
753 1815 889 1851 meruit
908 1814 1041 1850 videre.
1063 1815 1152 1849 Dicit
1172 1825 1279 1861 ergo:
1305 1818 1333 1850 O
1352 1817 1518 1860 splendor
1535 1817 1572 1850 de?
1591 1818 1668 1851 rica

493 1876 564 1910 lace
582 1879 714 1919 eterna,
731 1875 830 1920 idest,
846 1885 868 1910 o
891 1875 1047 1920 Beatrix,
1063 1885 1146 1920 quae
1168 1885 1206 1910 es
1227 1875 1374 1920 quidam
1396 1875 1518 1911 radius
1537 1876 1667 1912 divinae

492 1936 593 1980 lucis7
622 1946 695 1981 qua
724 1939 796 1971 tota
825 1935 891 1970 ista
919 1935 1043 1970 militia
1073 1935 1270 1971 irradiatur
1285 1931 1333 1980 (³),
1366 1937 1430 1980 clei,
1458 1936 1558 1980 idest,
1587 1937 1667 1981 quis

493 2007 655 2041 unquam
677 2000 781 2041 poeta
802 2006 969 2041 magnus,
984 1997 1014 2029 si
1029 1997 1101 2040 fece
1118 1991 1147 2030 si
1162 1996 1308 2039 μαΙΙῖᾱο,
1324 2005 1399 2041 prae
1418 1995 1528 2030 nimio
1547 1995 1666 2031 studio

491 2057 589 2101 quod
617 2057 778 2092 maxime
805 2060 969 2092 macerat
996 2066 1128 2101 corpus
1155 2059 1360 2101 poetarum,
1385 2058 1423 2090 ut
1447 2058 1542 2101 patet
1570 2056 1666 2101 apud

490 2116 655 2151 Persium
686 2120 722 2151 et
752 2117 887 2151 multos
905 2111 953 2161 εὖ),
981 2120 1067 2151 sotto
1095 2116 1253 2151 l’ombra
1273 2117 1309 2150 (Ιί
1328 2118 1503 2159 Parnaso,
1527 2115 1587 2160 qui
1613 2120 1666 2151 est

492 2186 594 2210 mons
622 2179 826 2220 poetarum7
856 2176 916 2211 ubi
944 2175 1216 2211 coronabantur
1243 2180 1370 2221 poetae,
1396 2188 1417 2209 υ
1436 2176 1537 2209 berre
1552 2173 1611 2219 μίὴ
1631 2176 1663 2210 in

563 2270 577 2284 '¹
598 2272 650 2296 ¹17.
669 2270 754 2299 ipsius.
1072 2268 1095 2283 ‘²'
1116 2272 1168 2295 117.
1189 2270 1309 2293 broviter.

563 2307 579 2335 ³)
599 2310 649 2335 ¹¹7,
669 2308 822 2332 illustratur.
1083 2310 1097 2337 χ’
1118 2310 1168 2337 117,
1187 2308 1284 2331 multos
1301 2308 1371 2332 alios.
