1737 2836
400 243 537 268 crtxrcs
566 242 755 267 wGEsnuts
781 242 908 267 Nonus.
1167 233 1233 268 18'3

67 319 195 361 poetae,
223 315 327 350 cuius
354 314 474 349 omnia
502 317 647 359 peccata
675 317 828 359 purgata
847 316 969 358 erant;
990 314 1093 358 quasi
1111 314 1234 349 dicens

69 374 195 410 tacite:
223 385 245 410 o
273 378 307 410 te
340 374 480 410 felicem
508 373 570 418 qui
598 373 633 408 in
661 373 735 408 vita
767 373 930 408 meruisti
962 373 1152 419 pervenire
1187 374 1231 409 ad

68 435 165 470 hunc
186 438 321 469 statum
350 433 534 477 felicitatis,
554 432 615 467 ubi
641 432 777 467 videbis
795 432 939 467 delicias
959 433 1059 468 istius
1077 433 1144 468 loci
1167 443 1236 468 ex—

68 494 153 530 celsi
179 494 247 529 sub
275 494 401 539 figura.
417 513 464 518 -
479 495 509 527 E
533 503 636 526 come.
658 492 720 526 Hic
740 495 844 536 poeta
863 492 1032 527 describit
1052 493 1231 528 incessum

68 554 168 589 istius
194 554 350 588 dominae
376 563 441 598 per
473 562 582 587 unam
607 551 764 586 nobilem
799 552 1122 597 comparationem,
1151 563 1233 598 quae

70 614 230 649 breviter
257 616 326 648 stat
352 613 386 647 in
414 613 492 656 hoc,
513 611 607 657 quod
637 611 810 646 Mathildis
837 614 873 645 et
899 610 975 655 ipse
1010 622 1107 647 nunc
1135 613 1233 648 ince-

69 673 202 708 debant
228 683 292 718 per
318 672 456 718 sylvam
484 671 641 706 solitarie
667 670 686 690 ’⁵‘
700 671 791 705 sicut
819 670 987 716 nymphae
1015 671 1128 706 solitae
1151 676 1233 706 sunt

70 732 123 767 ire
150 742 214 777 per
242 732 378 777 sylvam
408 729 602 766 solitariae'³<
621 727 668 774 (⁴),
697 729 757 765 sed
784 729 1036 766 diversimode.
1062 730 1160 766 Unde
1184 731 1237 766 di—

69 792 136 828 cit:
160 794 191 826 E
207 793 298 826 altor
323 792 354 825 st
381 801 502 833 mosse,
522 790 579 825 illa
606 789 750 824 domina
779 799 861 833 quae
888 790 987 834 prius
1014 793 1164 826 steterat
1189 791 1235 826 ad

69 851 293 896 loquendum
327 861 412 886 cum
446 853 563 895 poeta,
591 850 758 884 autlando
788 851 955 883 concra’l
985 851 1100 894 fiecme,
1135 850 1238 895 idest,

68 915 195 946 contra
214 921 363 946 cursum
384 909 540 944 {luminis
561 919 688 944 versus
706 912 829 944 ortum
849 908 938 953 eius,
957 919 997 943 su
1021 920 1086 953 μει-
1105 911 1139 944 la
1158 912 1238 945 riva

67 971 104 1005 ch·
130 965 176 1014 Ιά,
207 970 350 1013 scilicet,
380 969 603 1011 ulteriorem,
631 971 662 1002 el
694 969 728 1001 io
750 969 836 1011 pari
862 969 898 1002 de·
923 969 977 1010 lei,
1005 968 1148 1013 scilicet,
1178 980 1237 1005 me

71 1029 166 1064 movi
194 1032 230 1064 et
256 1028 383 1063 incessi
411 1038 475 1072 per
503 1027 616 1072 ripam
645 1027 864 1071 citeriorem,
887 1029 1090 1070 seyzzicamlo
1114 1030 1239 1072 plocio!

66 1098 188 1133 passe,
215 1087 308 1121 illius
338 1086 505 1130 dominae,
532 1096 594 1120 con
618 1087 776 1130 picciolo,
809 1086 942 1121 scilicet
978 1097 1080 1131 meog
1116 1087 1239 1132 itaque

70 1147 215 1182 ibamus
233 1146 308 1191 pari
332 1156 436 1190 passu
459 1145 699 1190 uniformiter,
718 1156 739 1180 a
759 1145 875 1190 simili,
895 1156 990 1180 come
1011 1147 1116 1191 m'nfe,
1136 1146 1237 1191 idest,

69 1207 148 1242 deae
175 1205 340 1249 fontium,
368 1206 426 1239 elie
457 1206 487 1239 se?
511 1206 617 1247 {fit-cm
644 1206 727 1247 sole,
755 1204 855 1249 idest,
882 1215 964 1250 quae
992 1205 1089 1240 ibant
1116 1206 1238 1240 solita-

69 1266 143 1310 riae,
166 1276 233 1310 per
259 1267 288 1299 le
313 1265 497 1299 salvaticlze
524 1264 654 1307 ombre,
674 1264 774 1308 idest,
797 1274 861 1309 per
882 1264 1030 1299 umbras
1050 1265 1237 1310 sylvarum

70 1328 106 1360 et
133 1334 237 1360 secus
264 1324 440 1359 decursus
467 1334 661 1368 aquarum,
690 1323 751 1358 sed
783 1323 935 1368 diverse,
970 1326 1063 1368 qual,
1091 1325 1238 1370 scilicet,

70 1384 202 1429 aliqua,
229 1385 396 1418 clesiamlo
422 1385 458 1417 (Ii
486 1384 588 1418 vellet·
614 1384 646 1416 lo
673 1384 756 1425 sole,
782 1383 866 1427 quia
892 1383 1048 1418 multum
1076 1384 1172 1419 stetit
1194 1384 1238 1419 ad

71 1443 252 1487 umbram,
281 1444 364 1486 qual
388 1444 424 1476 ‹lc‘
447 1444 568 1487 sityffl‘r
595 1443 627 1475 lo
654 1443 737 1484 sole,
757 1442 841 1486 quia
865 1442 969 1476 nimis
999 1443 1095 1477 stetit
1113 1443 1158 1478 ad
1181 1453 1239 1478 so-

69 1504 153 1538 lem.
182 1503 223 1536 Et
251 1512 322 1537 non
349 1505 401 1537 est
428 1501 592 1545 dubium,
620 1501 717 1545 quod
745 1511 926 1546 aquarum
954 1502 1075 1546 aliqua
1103 1503 1237 1548 appetit

71 1562 197 1605 solem,
223 1561 344 1605 aliqua
371 1571 453 1595 non.
483 1561 524 1594 Et
552 1560 607 1595 hic
640 1564 735 1605 nota,
765 1560 862 1605 quod
895 1564 1010 1606 poetae
1044 1558 1237 1607 fiiiguiit(²)

68 1621 229 1656 diversas
249 1630 326 1655 esse
346 1620 533 1665 nymphas,
554 1619 653 1664 idest,
669 1620 755 1655 deas
775 1620 928 1655 sontium
948 1621 1023 1656 sive
1042 1631 1237 1666 aquarum,

70 1690 135 1726 per
174 1690 264 1724 quas
304 1679 505 1725 intelligunt
548 1679 666 1714 varias
706 1679 801 1714 vires
828 1683 863 1714 et
889 1681 1066 1725 potentias
1106 1681 1168 1715 Dei
1204 1681 1239 1715 in

69 1739 192 1784 aquis:
225 1742 259 1774 et
292 1748 379 1773 vere
414 1739 566 1773 virtutes
601 1742 637 1773 et
670 1739 909 1784 proprietates
939 1750 1122 1784 aquarum
1156 1744 1240 1774 sunt

73 1798 298 1833 miraculosae
325 1798 430 1832 nimis
458 1801 493 1832 et
520 1797 745 1833 incredibiles
773 1799 807 1833 in
829 1798 979 1834 diversis
1001 1799 1174 1844 partibus,
1200 1803 1239 1833 ut

71 1857 218 1892 scientia
246 1860 281 1892 et
308 1856 528 1902 experientia
556 1857 679 1891 docet:
716 1860 800 1892 nota
827 1857 935 1892 etiam
966 1858 1061 1903 quod
1090 1869 1239 1903 compa—

73 1917 164 1952 ratio
192 1920 244 1951 est
272 1916 376 1951 valde
408 1916 571 1961 propria;
606 1926 688 1950 nam
724 1917 903 1961 nymphae,
939 1920 977 1951 ut
1010 1920 1107 1961 patet
1142 1917 1238 1962 apud

72 1976 206 2010 multos
224 1979 383 2019 autores,
408 1975 566 2020 figurant
587 1974 682 2008 viros
704 1975 874 2009 honestos
893 1978 927 2009 et
949 1975 1139 2020 sapientes,
1160 1976 1239 2011 ideo

71 2035 164 2070 bene
192 2035 349 2081 figurant
378 2034 433 2069 hic
462 2034 565 2068 istam
598 2033 782 2067 dominam
817 2034 1005 2069 honestam
1034 2038 1069 2069 et
1097 2035 1239 2080 sapien—

71 2098 143 2130 tem
177 2098 213 2129 et
246 2098 411 2129 nostrum
441 2097 583 2139 poetam
603 2088 656 2135 Gi:
677 2096 712 2127 et
738 2093 830 2127 sicut
852 2094 1031 2138 nymphae,
1055 2094 1144 2129 idest
1172 2094 1239 2129 bo—

72 2157 182 2188 nestae
204 2154 370 2197 dominre,
391 2153 561 2188 incedunt
588 2161 699 2196 parvo
722 2162 840 2196 passu,
862 2152 908 2187 ita
928 2162 1024 2187 nunc
1047 2152 1113 2197 isti,
1136 2156 1172 2187 et
1191 2153 1237 2187 ita

134 2246 159 2274 Γ)
176 2247 211 2269 Le
231 2246 317 2276 parole
335 2246 372 2269 fra
391 2247 397 2269 i
415 2247 463 2269 due
482 2245 610 2268 asterischi
629 2252 674 2268 son
692 2244 801 2274 supplile
819 2245 860 2268 dal
877 2245 967 2269 Codice
988 2247 1039 2268 117.

135 2282 161 2312 (¹)
179 2284 208 2306 E.
227 2284 323 2313 lingunt
341 2284 438 2314 aliquas
455 2284 574 2307 divorsas.
711 2283 735 2312 (³)
755 2284 782 2306 E.
802 2287 902 2313 poetam
921 2290 1020 2307 secum:
1039 2286 1063 2306 el
1081 2284 1154 2307 sicul.
