1766 2856
504 234 574 265 376
897 236 1101 263 COMENTUM
1127 238 1294 262 PARADISI

505 324 584 348 ram
612 312 695 348 dicit
727 314 851 357 poeta:
886 310 944 345 illa
980 310 1168 355 Picharda‚
1202 312 1250 345 mi
1283 311 1393 346 disse:
1421 314 1569 357 perfetta
1599 313 1679 356 cita,

504 374 649 417 scilicet7
677 370 970 416 contemplativa,
990 374 1022 405 ec
1046 372 1117 405 aleo
1136 372 1270 415 merito,
1293 370 1393 415 idest,
1415 381 1547 418 magna
1569 381 1681 417 opera

504 432 702 476 meritoria,
730 433 867 475 iteeiela,
895 431 996 476 idest,
1025 431 1178 467 collocat
1197 431 1231 466 in
1251 431 1344 467 coelo
1370 431 1404 466 in
1433 431 1500 467 isto
1527 442 1681 478 corpore

503 493 610 535 lunae7
647 493 779 536 donna,
810 491 954 536 scilicet,
983 495 1144 526 sanctam
1175 491 1331 535 Claram,
1356 489 1416 535 μίιί
1448 502 1501 536 su,
1536 492 1680 536 scilicet,

502 552 547 588 ad
567 552 744 587 maiorem
765 552 919 599 gloriam
935 561 1047 597 qnam
1065 562 1124 587 me
1138 551 1365 596 Picliardam,
1382 553 1454 586 alla
1468 553 1522 586 cui
1538 562 1680 596 norma,

503 613 605 658 idest,
633 613 810 659 regulam,
838 614 868 647 si
891 616 978 647 vesle
1003 623 1021 646 e
1050 614 1137 656 cela,
1159 612 1304 656 scilicet,
1324 623 1345 647 a
1370 612 1599 657 monialibus,
1621 610 1680 656 922¹(

504 674 560 708 nel
585 677 702 708 vostro
729 675 870 717 mondo,
898 673 1043 715 scilicet,
1073 672 1228 716 mortali,
1252 675 1287 708 et
1306 673 1489 718 praecipue
1511 673 1546 707 in
1568 672 1678 708 ltalia.

505 734 611 770 Beata
641 744 802 779 namque
825 734 930 769 Clara
950 733 1077 767 nobilis
1096 743 1245 779 genere,
1267 733 1402 768 virtute
1429 737 1463 769 et
1491 734 1681 769 sanctitate

504 794 721 830 venerabilis
748 793 892 828 videtur
919 803 1096 838 superare
1127 793 1215 828 alias
1249 797 1392 829 sanctas
1426 793 1460 828 in
1498 794 1568 829 vita
1598 793 1681 829 licet

504 865 575 890 non
596 853 704 889 suerit
729 856 880 899 martyr7
901 853 993 888 sicut
1012 853 1205 889 Catlieriiia
1225 856 1260 889 et
1281 854 1417 899 multer,
1438 864 1520 899 quae
1546 864 1681 900 magna

506 913 778 949 materfamilias
806 913 915 948 traxit
943 917 1023 959 post
1050 924 1088 949 se
1117 917 1191 949 tam
1225 914 1376 960 longum
1412 915 1578 950 ordinem
1605 914 1680 949 vir—

502 975 640 1021 ginum.
670 974 712 1009 Et
739 984 825 1010 ecce
844 984 994 1009 causam
1020 974 1177 1019 finalem,
1194 973 1322 1019 perche*
1346 976 1376 1009 εἰ·
1398 977 1487 1019 veyli
1504 986 1521 1009 e
1540 976 1681 1019 dorma,

503 1035 538 1070 in
566 1035 883 1080 contemplatione,
907 1036 957 1079 fin
985 1037 1022 1069 al
1047 1036 1172 1080 morz'r,
1204 1035 1288 1080 quia
1322 1046 1393 1070 non
1426 1035 1488 1081 qui
1523 1035 1683 1081 incoepe-

504 1096 548 1131 rit
565 1092 614 1141 (¹),
641 1106 707 1130 con
734 1097 844 1140 quello
871 1106 987 1140 εροεο,
1020 1095 1165 1140 scilicet,
1199 1096 1359 1140 Christo3
1394 1106 1479 1131 nam
1517 1095 1683 1131 monialis

505 1160 557 1192 est
592 1167 722 1202 sponsa
757 1155 897 1200 Christi,
925 1159 961 1191 et
987 1156 1037 1191 sic
1072 1155 1173 1201 peius
1206 1160 1259 1192 est
1292 1166 1422 1202 rapere
1455 1157 1512 1192 vel
1544 1156 1682 1191 violare

505 1216 701 1252 monialem
730 1227 841 1261 quam
866 1216 1084 1251 maritatam.
1105 1216 1147 1251 Et
1170 1216 1270 1251 dicit:
1290 1218 1432 1261 elc'oym'
1453 1221 1531 1251 volo
1553 1220 1683 1251 accelta

504 1278 562 1312 elie
588 1271 713 1321 σαι-ἰπὶ,
743 1276 888 1321 scilicet,
918 1276 1093 1321 voventis,
1121 1279 1304 1322 conforma
1332 1288 1353 1311 (1
1381 1288 1443 1311 suo
1467 1278 1616 1322 placere.
1641 1277 1681 1311 Et

505 1337 554 1373 sic
582 1337 663 1372 vide
690 1337 789 1382 quod
818 1340 943 1372 votum
973 1337 1109 1372 sactum
1145 1340 1272 1372 contra
1307 1337 1496 1373 caritatem
1529 1348 1601 1372 non
1629 1341 1681 1373 est

504 1398 752 1443 servandnm3
779 1397 872 1432 sicut
899 1397 927 1432 si
964 1397 1018 1432 vir
1055 1401 1186 1433 voveat
1220 1408 1290 1432 non
1328 1397 1481 1433 reddere
1517 1397 1681 1433 debitum

504 1458 622 1502 uxori,
656 1458 712 1493 vel
747 1468 818 1493 non
852 1457 951 1503 loqui
983 1457 1151 1503 proximo
1185 1459 1414 1493 suo—Dal
1446 1459 1584 1493 mondo.
1620 1458 1684 1494 Hic

503 1518 690 1563 Picharda‚
706 1517 893 1563 praemissa
912 1517 1153 1563 descriptione
1172 1517 1287 1553 beata}
1303 1518 1429 1562 Clarae,
1447 1521 1572 1553 narrat
1590 1528 1685 1564 quo-

505 1578 613 1613 modo
636 1577 825 1612 intraverit
846 1577 1010 1623 regulam
1032 1577 1121 1622 eius,
1142 1578 1282 1613 dicens:
1303 1588 1372 1624 ego
1397 1578 1586 1623 l'icliarda,
1607 1580 1686 1622 yio-

507 1642 649 1681 venelia,
678 1637 779 1681 idest,
806 1637 927 1682 puella
954 1637 1088 1671 adnltae
1116 1637 1242 1681 aetatis,
1266 1639 1427 1682 suyyt’mi
1453 1639 1516 1673 dal
1541 1639 1683 1682 mondo,

505 1701 643 1744 sponte,
667 1708 733 1742 per
758 1698 926 1741 segym'rla,
947 1697 1047 1741 idest,
1068 1707 1177 1732 causa
1201 1698 1360 1733 sectandi
1386 1698 1494 1733 vitam
1519 1698 1609 1743 eins,
1628 1700 1685 1734 nel

503 1768 566 1792 suo
593 1758 685 1792 abico
705 1759 751 1792 mi
768 1758 886 1800 clziusc',
907 1756 966 1792 ubi
987 1757 1086 1802 prins
1105 1767 1206 1792 eram
1229 1758 1346 1792 solnta
1367 1758 1401 1792 in
1421 1758 1554 1793 saeculo
1575 1758 1682 1805 ligavi

505 1830 565 1855 me
592 1818 769 1865 religioni,
796 1829 813 1852 e
836 1819 984 1862 promise?
1009 1819 1045 1852 la
1074 1819 1129 1852 via
1155 1819 1246 1852 della
1278 1828 1341 1853 sua
1367 1823 1465 1864 sella,
1496 1829 1580 1854 cum
1609 1819 1684 1855 ele-

504 1879 635 1922 ctione,
662 1878 923 1913 deliberatione
950 1881 986 1913 et
1013 1878 1206 1924 proposito.
1230 1878 1273 1913 Et
1297 1879 1418 1914 subdit
1439 1879 1594 1924 qualiter
1614 1879 1683 1914 im-

505 1939 666 1985 peditum
694 1942 748 1974 est
775 1942 903 1973 votum
932 1938 1022 1983 eius,
1050 1938 1191 1974 dicens:
1221 1941 1351 1974 uomz'm'
1373 1941 1446 1984 poi,
1474 1950 1496 1974 α
1524 1941 1596 1974 mal
1621 1937 1682 1984 pit)

503 2001 590 2034 clt'a
617 2000 699 2033 bene
731 2000 793 2043 nsi,
831 1998 977 2043 scilicet,
1005 1999 1175 2034 dominus
1208 1999 1358 2034 Cursius
1392 1999 1438 2035 de
1469 1999 1615 2035 Donatis
1647 2002 1681 2035 et

503 2060 673 2095 Foresius
700 2060 812 2095 frater
840 2059 929 2104 eius,
959 2070 1118 2104 quorum
1144 2059 1237 2095 alter
1263 2063 1432 2094 assuetus
1459 2062 1537 2094 erat
1563 2059 1683 2094 domi-

504 2120 574 2165 nio⁷
602 2119 693 2155 alter
722 2129 810 2154 vero
837 2119 946 2165 gnlae,
970 2123 1010 2154 ut
1029 2119 1128 2154 clare
1151 2119 1265 2165 patuit
1283 2119 1440 2164 capitulo
1464 2119 1680 2165 l'urgatorii,

501 2183 585 2225 fetor
612 2181 657 2214 mi
674 2180 838 2223 rapiron,
859 2189 918 2214 me
938 2170 1087 2214 invitam
1116 2183 1152 2215 et
1180 2179 1454 2224 reclamantem,
1473 2180 1564 2214 della
1586 2181 1682 2215 dolce

579 2310 593 2337 ’,ι
612 2309 640 2332 Ε.
659 2309 800 2338 incoeperil,
820 2309 861 2332 sed
880 2310 923 2339 qui
942 2311 1152 2339 perseveraverit.
1170 2318 1214 2332 ron
1232 2311 1319 2340 quello-
