1766 2856
498 222 567 252 202
855 223 1060 250 COMENTUM
1087 223 1307 249 PURGATORII

499 302 563 335 Poi
588 301 658 335 vicli
684 302 822 343 quattro
848 299 883 331 rin
912 298 1011 332 nmile
1026 301 1182 341 pareda,-
1205 296 1290 342 quia
1317 296 1343 331 si
1372 297 1507 332 Paulus
1535 298 1670 333 fecerat

497 360 583 394 mihi
611 359 780 393 timorem
810 367 896 392 cum
924 367 1021 402 ense,
1050 357 1106 392 isti
1141 357 1305 392 fecerunt
1340 356 1427 392 mihi
1454 367 1555 403 spem
1583 367 1668 393 cum

495 430 614 466 penna
641 417 860 454 declarando
889 417 975 452 mihi
997 417 1091 453 dicta
1114 417 1215 452 Pauli
1235 420 1271 452 et
1288 417 1443 452 aliarum
1471 418 1670 463 scriptura—

496 490 590 514 rum.
620 479 760 513 Horum
788 477 928 524 primus
955 480 1009 513 est
1035 477 1259 523 Augustinus
1285 477 1608 513 excellentissimus
1635 477 1671 512 in

495 538 747 585 disputatione,
776 537 929 573 malleus
961 537 1230 573 haereticorum.
1267 536 1457 572 Secundus
1492 537 1671 584 Hierony-

496 610 579 634 mus
612 599 794 634 excellens
826 598 861 632 in
897 597 1062 642 historiis,
1092 597 1152 642 qui
1180 597 1303 632 omnia
1337 597 1481 633 novisse
1514 597 1669 633 ridetur.

496 659 638 695 Tertius
664 659 878 694 Ambrosius
905 661 1031 704 potens
1059 657 1325 703 praedicatioue.
1344 658 1505 699 Quartus
1531 658 1671 704 Grego-

496 720 572 755 rius
599 719 634 754 in
663 718 878 754 moralitate.
908 719 958 753 De
985 717 1155 753 omnibus
1188 717 1260 752 istis
1295 717 1436 753 dicetur
1469 718 1608 763 plenius
1636 718 1671 753 in

497 779 677 815 Paradiso.
707 779 749 812 Et
777 778 905 812 ultimo
933 780 1038 822 poeta
1066 776 1229 811 nominat
1256 787 1371 811 unum
1397 787 1536 820 senem,
1558 787 1670 822 quem

497 839 598 885 fingit
634 838 758 874 venire
780 834 814 880 (¹)
850 838 1106 880 dormientem,
1144 847 1255 882 quem
1295 837 1397 871 multi
1432 837 1556 872 dicunt
1593 847 1672 873 esse

496 899 671 934 Joannem
700 897 974 943 evangelistam,
995 897 1056 942 qui
1079 896 1291 932 obdormuit
1318 907 1428 942 supra
1456 900 1582 943 pectus
1601 897 1672 932 Do-

496 958 601 992 mini:
630 957 692 993 sed
720 958 787 993 hoc
815 968 887 993 nou
915 957 1059 992 videtur
1086 957 1317 1002 couveniens,
1346 961 1425 992 tum
1457 956 1542 1002 quia
1570 956 1672 1002 poni-

496 1022 556 1053 tur
576 1022 654 1064 post
672 1018 840 1053 doctores
859 1028 950 1063 quos
971 1021 1070 1052 tanto
1090 1021 1255 1063 tempore
1274 1017 1468 1063 praecessit,
1488 1020 1566 1052 tum
1586 1016 1671 1062 quia

491 1079 569 1124 Jam
599 1078 735 1124 positus
763 1081 816 1113 est
835 1088 957 1123 supra,
977 1081 1055 1112 tum
1081 1077 1164 1122 quia
1180 1077 1344 1123 juvenis,
1365 1077 1426 1113 sed
1445 1077 1555 1112 credo
1573 1076 1669 1122 quod

496 1139 670 1184 loquatur
701 1138 746 1173 de
777 1138 884 1173 heato
916 1137 1113 1173 Bernardo.
1146 1137 1247 1172 Unde
1281 1137 1372 1172 sicut
1406 1138 1524 1182 posuit
1559 1147 1669 1183 supra

496 1199 690 1234 Matliildim
720 1198 934 1233 modernam
962 1208 1027 1243 pro
1048 1197 1118 1232 vita
1139 1197 1257 1232 actixa
1276 1197 1311 1232 in
1334 1197 1498 1242 paradiso
1524 1197 1671 1233 delicia—

498 1269 581 1293 rum
610 1258 645 1293 in
673 1258 743 1294 line
770 1258 987 1304 Purgatorii,
1008 1257 1054 1292 ita
1078 1257 1176 1303 ponit
1198 1257 1424 1292 Bernardum
1449 1257 1668 1293 modernum

497 1329 561 1363 pro
590 1319 661 1353 vita
681 1318 961 1363 contemplativa
981 1317 1016 1352 in
1036 1317 1106 1352 fine
1128 1316 1298 1352 Paradisi.
1318 1316 1377 1351 Isti
1397 1327 1486 1362 ergo
1512 1317 1671 1352 maxime

496 1378 718 1413 conveniunt
746 1389 828 1423 quae
857 1378 913 1413 hie
939 1377 1023 1413 dicit
1049 1381 1168 1423 poeta,
1188 1376 1273 1422 quia
1293 1377 1359 1411 fuit
1380 1387 1491 1412 senex
1515 1387 1670 1412 venera—

498 1438 576 1473 bilis
603 1442 639 1473 et
665 1438 792 1473 doctor
820 1448 996 1484 magnusg
1016 1437 1096 1472 ideo
1122 1437 1241 1472 statim
1271 1437 1370 1483 ponit
1397 1447 1482 1472 eum
1512 1441 1589 1482 post
1608 1436 1672 1472 do-

496 1501 625 1533 ctores.
655 1498 744 1533 Dicit
771 1508 880 1543 ergo:
908 1509 925 1531 e
951 1499 1083 1532 dir-etro
1111 1499 1157 1532 (Ια
1188 1499 1272 1542 culli,
1299 1500 1377 1542 post
1399 1497 1577 1542 doctores,
1602 1498 1673 1532 vidi

499 1560 595 1593 venir
622 1569 667 1593 zm
697 1560 828 1593 vecchio
854 1559 941 1602 solo,
973 1558 1057 1602 quia
1091 1557 1299 1592 Bernardus
1326 1557 1391 1592 suit
1419 1558 1523 1593 valde
1551 1557 1673 1592 solita-

497 1618 582 1662 rius,
610 1619 817 1661 (lor-mendo,
840 1617 925 1662 quia
945 1617 1249 1662 contemplativus
1278 1617 1395 1661 nimis,
1415 1628 1479 1651 con
1499 1619 1535 1651 Ια
1557 1618 1672 1662 faccia

496 1681 647 1721 Grynem·
674 1677 759 1722 quia
787 1677 853 1711 suit
879 1677 1000 1711 audax
1029 1677 1186 1711 multum
1216 1679 1342 1711 contra
1370 1676 1527 1721 vitiosos,
1550 1680 1588 1711 ut
1608 1687 1671 1722 pa—

498 1737 585 1773 tebit
612 1737 770 1772 Paradisi
801 1737 1011 1782 penultimo.
1032 1737 1097 1771 Alii
1125 1737 1233 1772 etiam
1264 1737 1390 1772 volunt
1418 1737 1515 1782 quod
1542 1738 1671 1782 loqua-

497 1801 556 1832 tur
584 1797 628 1833 de
655 1798 791 1833 Thema
819 1798 864 1833 de
897 1797 1051 1843 Aquino,
1079 1797 1141 1832 sed
1176 1808 1246 1832 nou
1281 1797 1328 1832 ita
1363 1797 1456 1833 bene
1489 1797 1671 1842 convenit,

497 1858 581 1904 quia
604 1858 751 1904 juvenis
778 1858 862 1903 fuit3
892 1868 958 1893 nee
985 1858 1081 1893 dicas
1100 1858 1193 1893 sieut.
1212 1857 1381 1903 quidam:
1402 1857 1587 1903 quomodo
1607 1868 1672 1903 po-

497 1919 548 1953 nit
576 1919 631 1953 hie
659 1918 887 1954 Bernardum
916 1928 1026 1963 quem
1056 1917 1153 1963 ponit
1173 1918 1207 1952 in
1231 1917 1423 1963 paradiso?
1447 1918 1533 1962 quia
1561 1917 1670 1953 etiam

498 1978 531 2013 in
561 1978 725 2024 paradiso
749 1978 847 2024 ponit
866 1979 1029 2023 Petrum,
1053 1978 1207 2013 Paulum
1228 1981 1263 2013 et
1283 1977 1481 2013 Joaunem:
1503 1977 1559 2013 liic
1582 1988 1671 2024 ergo

498 2039 594 2085 pouit
622 2050 684 2075 eos
712 2039 746 2074 in
775 2039 924 2075 ecclesia
954 2039 1140 2083 militante,
1160 2038 1207 2073 ibi
1236 2048 1324 2074 vero
1351 2038 1385 2072 in
1410 2038 1668 2083 triumphante.

495 2119 542 2124 —
561 2101 682 2141 Quesli.
713 2099 775 2134 Hic
803 2103 907 2145 poeta
928 2099 1026 2145 ponit
1045 2097 1337 2134 convenientiam
1365 2100 1401 2133 et
1427 2097 1669 2133 differentiam

497 2159 638 2194 habitus
666 2159 818 2193 istorum
847 2159 892 2194 ad
921 2159 1068 2204 primos,
1096 2158 1236 2194 dicens:
1267 2159 1374 2202 questi
1403 2162 1494 2203 selle,
1525 2158 1669 2203 scilicet,

560 2288 587 2318 (¹)
606 2289 633 2312 E.
651 2289 775 2311 invenire.
