1737 2836
448 256 587 282 emarus
613 255 806 282 SECUNDUS.
1142 249 1211 282 337

35 330 133 375 fuse,
162 329 224 365 sed
242 329 300 365 hic
318 332 424 375 poeta
444 339 582 364 novum
602 329 791 364 fabricavit
810 328 994 364 infernum
1009 325 1044 373 (¹)
1064 339 1212 364 summo

34 389 188 426 artificio
215 389 429 425 mirabiliter
456 388 626 436 fingendo
654 399 748 424 nova
776 399 914 435 genera
937 389 1211 435 suppliciorum.

34 450 121 493 Quis
148 449 245 485 enim
267 459 430 494 unquam
451 449 591 495 punivit
609 449 736 485 decem
756 459 894 496 genera
916 449 1101 485 fraudium
1120 449 1214 485 sicut

34 510 135 557 ipse?
154 510 235 555 quis
253 509 439 555 descripsit
459 509 568 544 talem
587 519 740 544 arenam
760 509 1008 544 violentorum
1030 520 1115 545 cum
1137 512 1211 545 tam

34 571 186 607 diversis
212 570 353 616 poenis?
375 573 410 606 et
431 569 515 605 talia
536 570 662 614 multa,
683 579 766 614 quae
785 579 858 604 non
884 569 961 605 sine
988 580 1122 616 magna
1142 570 1213 605 uti-

34 631 135 667 litate
153 634 189 666 et
206 630 445 666 delectatione
463 629 690 665 audientium
711 629 872 675 quotidie
895 630 1094 676 leguntur:
1116 630 1213 665 unde

35 691 164 727 inferni
184 691 275 726 liber
297 691 377 737 plus
395 690 503 726 habet
522 690 620 735 artis,
643 693 682 725 ut
701 689 788 724 mihi
815 689 971 725 videtur.
991 690 1083 725 Nota
1101 689 1210 725 etiam

36 751 134 798 quod
160 761 257 796 aqua
284 761 396 796 quam
423 753 532 786 autor
559 760 655 785 nunc
678 750 797 796 primo
815 750 968 785 assumit
989 759 1213 796 percurren-

35 811 120 847 dam
156 814 211 847 est
241 811 521 857 profundissima
554 810 720 846 omnium
752 821 950 856 aquarum,
984 814 1023 845 ut
1057 813 1212 846 testatur

35 871 272 918 Augustinus.
306 871 436 906 Audivi
474 875 595 906 tamen
632 871 809 916 quosdam
849 870 1008 906 fidenter
1040 870 1212 916 dicentes,

37 931 135 977 quod
162 931 354 978 theologia,
383 931 449 966 nisi
478 931 643 966 moderni
677 930 835 976 theologi
870 930 1114 966 admiscerent
1146 930 1212 965 sibi

38 991 315 1037 philosophiam,
336 994 408 1026 tota
428 994 540 1026 staret
566 991 601 1025 in
624 1000 737 1036 parvo
760 990 851 1025 libro
878 990 981 1035 parvi
1008 989 1123 1035 pretii.
1144 989 1212 1025 Sed

37 1051 266 1098 indignanter
286 1051 487 1097 respondeo
512 1050 610 1095 quod
639 1049 745 1084 nimis
769 1049 1000 1095 impudenter
1028 1049 1214 1085 mentiun—

38 1115 110 1157 tur,
131 1111 304 1157 quoniam
334 1111 368 1146 in
396 1111 495 1146 nulla
517 1110 664 1146 scientia
686 1110 870 1146 invenitur
892 1113 964 1145 tam
990 1110 1212 1146 immensum

35 1172 221 1216 volumen,
241 1171 335 1206 sicut
361 1171 473 1206 Biblia
501 1171 536 1206 in
563 1181 666 1206 sacra
695 1170 864 1215 scientia,
885 1170 958 1205 imo
977 1170 1070 1205 forte
1090 1170 1124 1204 in
1143 1179 1213 1204 cae-

37 1231 123 1268 teris
150 1231 381 1268 facultatibus
416 1242 490 1266 non
521 1231 705 1267 invenitur
737 1235 858 1267 tantus
890 1240 1068 1266 numerus
1100 1230 1211 1265 libro-

38 1302 134 1337 rum,
162 1295 321 1336 quantus
349 1291 384 1326 in
411 1291 531 1326 divina
558 1290 749 1336 scriptura.
776 1290 862 1332 Quis
899 1290 994 1325 enim
1027 1293 1146 1336 posset
1178 1289 1213 1324 in

36 1351 108 1387 vita
136 1354 279 1387 tantum
311 1352 446 1398 legere,
481 1355 660 1396 quantum
693 1350 918 1397 Augustinus
949 1350 1122 1394 scrihere,
1150 1349 1212 1395 qui

36 1412 133 1448 circa
160 1412 258 1447 mille
286 1411 471 1447 volumina
507 1411 625 1456 edidit,
659 1411 724 1446 etsi
764 1421 836 1446 non
867 1410 1008 1446 fecisset
1040 1411 1106 1446 nisi
1135 1421 1214 1446 ma-

39 1483 154 1519 gnum
182 1473 357 1508 volumen
376 1482 486 1518 super
505 1471 749 1506 Psalterium'?
767 1474 808 1505 ut
828 1471 914 1505 nihil
933 1470 1051 1506 dicam
1070 1471 1114 1506 de
1133 1471 1214 1506 Ori-

35 1542 132 1579 gene
160 1532 222 1577 qui
249 1531 364 1567 multa
388 1531 498 1567 millia
522 1531 615 1576 fecit,
640 1534 676 1566 et
702 1531 747 1566 de
773 1530 851 1566 aliis
878 1530 1034 1565 infinitis.
1058 1531 1100 1565 Et
1126 1530 1212 1575 quia

40 1595 160 1639 posset
193 1592 273 1637 quis
301 1601 490 1637 quaerere:
519 1591 616 1626 unde
647 1591 745 1626 venit
774 1591 837 1626 tibi
871 1590 1024 1626 audacia
1059 1590 1215 1626 intrandi

38 1652 143 1688 istam
178 1662 350 1698 magnam
385 1653 548 1697 aquam?
582 1651 775 1697 respondet
808 1654 935 1686 autor:
973 1650 1058 1696 quia
1096 1651 1214 1687 habeo

35 1712 132 1748 bona
158 1712 303 1757 auxilia,
332 1711 478 1756 scilicet,
505 1711 670 1756 Palladis,
690 1711 861 1757 Apollinis
884 1714 919 1746 et
941 1712 1139 1746 Musarum.
1161 1711 1214 1746 Ad

37 1772 135 1818 quod
162 1776 215 1808 est
242 1772 507 1818 praesciendum
535 1771 644 1817 quod,
673 1771 766 1807 sicut
797 1774 896 1817 patet
926 1771 1023 1817 apud
1050 1771 1214 1806 diversos

37 1835 198 1877 autores,
219 1832 380 1867 Minerva
399 1832 466 1866 fuit
488 1831 633 1876 semina,
653 1831 759 1866 cuius
777 1831 881 1877 origo
903 1831 1025 1877 ignota
1047 1830 1131 1875 fuit;
1153 1830 1214 1866 sed

37 1892 132 1928 dicta
159 1895 212 1927 est
238 1892 377 1937 absque
409 1894 527 1926 matre
558 1901 603 1926 ex
635 1891 790 1927 cerebro
822 1891 918 1926 Jovis
951 1894 1034 1926 nata
1066 1894 1215 1936 propter

38 1953 117 1989 eius
143 1953 329 1988 coelestem
362 1951 596 1997 sapientiam;
625 1951 722 1986 unde
753 1955 788 1986 et
819 1954 948 1986 vocata
975 1954 1028 1986 est
1060 1951 1215 1995 Athena,

38 2013 140 2059 idest,
167 2013 393 2049 immortalis.
421 2012 506 2047 Haec
532 2021 677 2056 semper
705 2011 808 2057 virgo
828 2011 892 2045 fuit
915 2010 1094 2046 inventrix
1121 2011 1216 2045 mul—

38 2078 161 2109 tarum
183 2073 340 2118 artium3
366 2083 449 2107 nam
479 2071 594 2117 prima
618 2070 765 2116 reperiit
788 2070 985 2105 lanificium
1006 2070 1214 2116 ignoratum

39 2137 147 2170 antea
174 2134 355 2179 omnibus,
383 2136 419 2168 et
452 2143 544 2178 opus
579 2131 721 2167 texendi
755 2131 848 2166 mira
880 2134 959 2166 arte
993 2130 1216 2176 composuit,

41 2189 276 2238 adiriveiiit(²)
310 2193 427 2239 prima
455 2192 589 2227 olivam
624 2195 659 2226 et
700 2191 769 2226 olei
801 2191 982 2236 liquorem
1015 2190 1216 2236 optimum,

101 2287 128 2317 (¹)
146 2287 175 2310 E.
195 2286 324 2310 infernum
343 2293 389 2309 suo
407 2286 514 2309 artificio
533 2291 644 2308 summo.

103 2325 129 2354 (²)
146 2325 176 2349 Ε.
194 2325 321 2349 adinvenit
339 2325 415 2349 eliam
435 2325 516 2355 prima
535 2325 629 2348 olivam
647 2325 672 2347 el
690 2323 785 2347 oleum.

171 2378 206 2398 lv.
