1766 2856
496 235 565 266 206
854 238 1057 265 coMENTUM
1084 238 1305 264 PURGATonn

489 315 580 358 sace,
607 313 706 357 idest,
736 312 818 347 facit
846 314 1048 355 accortum,
1077 312 1160 355 qual
1189 312 1270 354 ydra
1307 312 1427 354 timon,
1454 310 1555 355 idest,
1584 309 1666 355 qui-

491 383 651 418 cumque
679 373 860 419 gubernat
897 371 1017 407 navim
1052 371 1087 406 in
1124 371 1216 405 mari
1253 374 1387 415 nostro,
1419 381 1484 415 per
1521 372 1618 406 venir
1643 381 1666 405 a

488 437 591 477 porto
609 430 661 476 m:
691 433 768 467 vult
796 442 884 479 ergo
911 432 1032 467 dicere
1059 431 1156 476 quod
1183 430 1396 476 septemtrio
1422 431 1589 476 superior
1608 441 1667 466 se-

494 496 590 538 ptem
618 492 922 528 candelabrorum
950 491 1171 535 ardentium,
1191 490 1311 536 dirigit
1331 500 1480 526 omnem
1509 491 1668 526 militan-

496 556 568 588 tem
597 552 632 587 in
660 552 725 587 ista
753 551 902 588 ecclesia
930 551 975 587 ad
1003 554 1149 597 portum
1177 550 1313 595 salutis,
1337 550 1429 585 sicut
1457 549 1605 586 inferior
1632 550 1668 585 in

496 615 633 657 septem
664 611 772 647 stellis
800 611 1016 655 lucentibus,
1043 610 1163 656 dirigit
1190 620 1338 645 omnem
1372 610 1605 657 navigantem
1632 610 1669 645 in

497 675 620 707 nostro
649 671 741 706 mari
769 671 929 706 inferiori
956 670 1001 706 ad
1028 673 1175 716 portum
1200 670 1341 715 quietis.
1359 691 1406 695 —
1424 673 1464 705 Εί
1488 681 1545 705 un.
1566 670 1669 705 Nunc

496 735 602 777 poeta
629 731 799 767 describit
825 731 988 766 solemne
1015 730 1147 766 festum
1176 734 1212 765 et
1237 730 1412 776 gaudium
1441 730 1668 766 celebratum

496 803 605 838 supra
634 802 786 827 currum
815 795 851 826 et
877 791 1081 837 gryphum:
1102 794 1137 826 et
1156 791 1273 836 primo
1301 791 1447 836 quidem
1476 790 1670 825 introducit

498 862 611 887 unum
650 861 774 886 senem
811 854 1018 886 cantantem
1048 850 1172 886 laudes
1212 850 1323 896 ipsius
1357 849 1528 885 ecclesiae.
1558 850 1599 884 Et
1625 849 1670 885 ad

497 911 767 957 intelligentiam
797 911 910 946 literae
937 911 1047 946 debes
1075 910 1178 955 scire,
1199 910 1296 955 quod
1320 910 1377 945 hic
1401 913 1479 945 erat
1499 909 1671 945 Salomon

495 972 557 1018 qui
585 972 678 1007 inter
705 971 793 1006 alios
821 971 903 1006 fecit
930 971 1061 1006 librum
1091 971 1151 1016 qui
1176 971 1379 1006 intitulatur
1402 971 1548 1006 Cantica
1575 970 1670 1006 Can-

497 1033 665 1076 ticorum,
686 1031 721 1066 in
743 1041 817 1076 quo
836 1031 903 1065 sul)
922 1033 1006 1077 typo
1028 1030 1195 1066 describit
1215 1034 1350 1065 statum
1379 1031 1540 1066 ecclesia}
1558 1030 1672 1065 intro-

497 1092 634 1127 ducens
656 1101 827 1137 sponsum
852 1094 886 1126 et
905 1101 1088 1136 sponsam,
1107 1090 1197 1126 idest
1217 1090 1398 1126 Christum
1419 1093 1455 1125 et
1481 1090 1670 1126 ecclesiam

498 1152 543 1187 ad
580 1151 804 1196 loquendum
834 1154 984 1195 mutuo,
1016 1150 1096 1186 ideo
1125 1150 1255 1185 merito
1286 1154 1391 1196 poeta
1424 1150 1618 1185 introducit
1634 1145 1669 1193 β)

500 1212 732 1247 Salomonem
761 1211 817 1246 hic
837 1210 1039 1255 testantem,
1062 1210 1203 1245 dicens:
1232 1213 1274 1245 Ec
1292 1221 1336 1244 ιυι
1364 1211 1399 1245 cli
1425 1212 1516 1253 loro,
1539 1210 1584 1245 de
1605 1220 1673 1244 nu-

503 1281 605 1306 mero
633 1270 779 1305 illorum
807 1270 1006 1314 seniorum,
1035 1269 1169 1305 scilicet
1196 1269 1378 1314 Salomon,
1404 1271 1504 1313 quast
1526 1270 1589 1304 dal
1613 1270 1676 1304 ciel

501 1342 623 1374 messe,
653 1331 737 1376 quia
765 1331 937 1365 Salomon
964 1329 1090 1365 habuit
1114 1329 1326 1375 sapientiam
1355 1340 1375 1364 a
1403 1329 1558 1364 Domino
1575 1323 1610 1373 (³)
1639 1332 1674 1364 et

502 1391 660 1426 maxima
688 1391 782 1426 dona
809 1390 1025 1437 gratiarum,
1050 1393 1086 1425 et
1113 1392 1237 1425 tamen
1267 1392 1455 1434 tamquam
1484 1389 1594 1423 homo
1622 1388 1675 1423 ni—

501 1451 568 1486 mis
595 1451 794 1486 enormiter
821 1450 976 1494 erravit3
1005 1449 1084 1485 ideo
1112 1449 1212 1494 dixit,
1241 1451 1342 1493 quasi
1365 1445 1470 1493 yridd
1497 1450 1674 1483 cantando

500 1515 550 1546 Ire
579 1513 684 1546 volte:
719 1512 811 1552 Veni,
829 1520 972 1554 sponsa,
1001 1511 1042 1544 de
1070 1510 1211 1544 Libano.
1240 1509 1309 1544 Ista
1338 1509 1450 1544 verba
1478 1509 1609 1554 scripta
1639 1509 1674 1543 in

500 1571 670 1616 praedicto
696 1570 785 1604 libro
805 1569 1039 1604 Canticorum
1060 1572 1145 1603 sunt
1165 1569 1276 1604 verba
1295 1569 1427 1614 sponsi,
1448 1569 1548 1614 idest,
1571 1568 1676 1604 Chri-

500 1629 554 1674 sti,
583 1629 643 1674 qui
670 1629 754 1663 dicit
781 1628 825 1663 ad
853 1639 1034 1674 sponsam,
1063 1628 1152 1663 idest
1187 1628 1399 1663 ecclesiam:
1429 1628 1516 1663 Veni
1545 1638 1675 1674 sponsa

503 1699 584 1724 mea
613 1688 804 1723 odorifera.
833 1688 1010 1723 Libanum
1039 1687 1135 1723 enim
1157 1691 1209 1723 est
1229 1698 1334 1722 mous
1352 1687 1506 1732 Arabiae,
1527 1688 1588 1723 ubi
1610 1698 1676 1723 na-

501 1749 614 1784 scitur
642 1749 724 1783 tlius
752 1748 849 1793 quod
869 1748 978 1783 etiam
999 1748 1130 1783 dicitur
1154 1747 1354 1793 olibanum,
1377 1747 1470 1783 sicut
1492 1751 1589 1793 patet
1610 1758 1676 1794 per

503 1808 742 1853 Bernardum,
763 1808 824 1853 qui
853 1809 978 1853 pulcre
1005 1808 1127 1843 scribit
1149 1819 1259 1853 super
1282 1808 1391 1843 istum
1415 1808 1548 1843 librum
1566 1803 1621 1853 (⁶);
1641 1811 1677 1844 et

503 1868 624 1904 caeteri
653 1868 966 1903 confirmaverunt
992 1868 1129 1903 dictum
1157 1868 1371 1903 Salomonis.
1400 1868 1500 1904 Unde
1526 1868 1631 1904 dicit:
1659 1879 1678 1903 e

502 1930 575 1964 lulli
605 1930 654 1972 ylt'
688 1929 782 1972 altri,
816 1928 961 1973 scilicet,
998 1928 1172 1973 seniores,
1203 1939 1384 1972 appresso,
1421 1929 1677 1964 clamaverunt

502 1988 749 2024 cantando—
767 1989 877 2030 Quali.
899 1988 962 2023 Hie
981 1991 1099 2034 poeta,
1118 1991 1264 2023 ostenso
1283 1988 1379 2033 quod
1399 1988 1571 2023 Salomon
1590 1998 1675 2024 cum

501 2047 575 2081 suis
594 2048 797 2083 senioribus
816 2047 1021 2083 decantavit
1049 2047 1174 2083 laudes
1193 2057 1344 2093 sponsae,
1365 2047 1560 2083 introducit
1579 2048 1676 2083 mul—

503 2107 691 2142 titudinem
730 2107 947 2153 angelorum
982 2106 1253 2142 decantantium
1292 2106 1416 2142 laudes
1443 2107 1574 2152 sponsi,
1611 2117 1676 2154 per

566 2222 591 2250 A)
609 2222 636 2244 Ε.
655 2229 670 2243 (1
687 2225 776 2251 porto:
795 2223 857 2245 utile
875 2230 938 2252 vrgo
955 2226 1001 2251 est,
1019 2225 1044 2246 et
1062 2222 1117 2246 vult
1135 2223 1228 2246 dicere.

566 2259 591 2289 ζ’)
611 2260 638 2282 E.
658 2260 797 2283 introducit
815 2267 910 2287 senem,
930 2261 993 2284 idest
1010 2261 1184 2284 Salomonem.

567 2298 593 2327 (¹)
610 2297 639 2321 E.
657 2304 671 2320 a
691 2297 798 2321 Domino
818 2297 879 2326 Deo,
896 2301 920 2321 ct
939 2299 1057 2321 maxima.
1184 2297 1211 2328 (⁸)
1230 2298 1258 2321 E.
1277 2297 1372 2321 librum
1389 2297 1567 2326 Canticorum3
1585 2300 1618 2321 et.
