1737 2836
350 245 486 271 CANTUS
512 245 703 271 VIGESIMIJS
729 245 920 270 SECUNDUS.
1171 240 1191 269 4
1197 240 1215 269 5

49 317 213 354 ctrinam.
250 318 387 354 Danieli
422 320 547 352 autem
587 317 768 363 praecipue
801 317 897 352 dedit
933 316 1145 362 sapientiam
1185 320 1217 352 et

49 377 321 424 intelligentiam
349 377 513 413 omnium
548 377 726 412 visionum
757 381 792 413 et
819 377 1057 421 somniorum,
1087 380 1127 411 ut
1153 377 1219 411 ha-

48 434 192 481 bebisU)
215 438 319 483 plene
332 436 491 472 Paradisi
510 435 569 470 IIII
584 436 751 481 capitulo.
769 437 858 471 Dicit
876 447 965 483 ergo
984 436 1094 472 bene:
1111 447 1128 470 e
1141 438 1218 471 Da-

47 499 162 540 niell0,
190 498 363 543 propheta
391 506 556 542 magnus,
586 493 760 539 dispreyio
788 496 874 537 cibo,
906 496 1037 541 regalis
1064 505 1216 540 mensae,

48 561 80 592 el
104 553 257 601 aequis-ts)
283 567 416 600 sczvere,
450 555 549 600 idest,
577 555 788 600 sapientiam
824 565 994 600 magnam
1029 566 1101 600 qua
1133 555 1217 590 vicit

49 627 177 652 omues
204 617 380 662 sapientes
399 619 434 651 et
453 625 580 661 magos
606 615 764 650 orientis.
782 635 829 639 —
843 617 891 648 Lo
909 616 1007 648 secol.
1028 615 1092 650 Hic
1111 619 1216 661 poeta

49 677 194 712 adducit
226 676 322 711 aliud
354 676 564 721 exemplum
595 675 766 721 generale
799 674 915 720 gentis
950 674 1058 709 unius
1089 675 1217 720 aetatis,

48 748 159 782 quam
187 737 311 772 dicunt
337 736 446 771 fuisse
473 738 648 781 regnante
671 735 828 770 Saturno
856 744 943 780 rege
970 734 1151 778 Cretensi,
1180 734 1214 768 in

49 807 122 842 qua
138 792 173 840 (ἢ
202 796 367 831 homines
389 795 559 830 vixerunt
578 795 789 830 innocenter
808 797 842 829 et
860 794 991 839 sobrie,
1011 794 1087 829 siue
1111 793 1216 837 bello,

49 857 126 892 sino
153 856 244 900 cibo,
267 859 301 891 et
328 859 416 901 potu
442 854 676 890 artificialiter
694 857 908 900 praeparato.
929 853 1019 888 Dicit
1041 864 1147 899 ergo:
1169 855 1217 887 Lo

49 918 140 951 secol
161 918 277 960 primo
304 919 432 963 quanto
459 925 524 949 oro
547 916 586 959 fec
613 915 722 958 bell0;
749 917 915 959 tempore
945 913 1102 958 Saturni,
1130 923 1214 948 nam

49 976 107 1011 illa
135 970 272 1019 aetas-(³)
300 978 429 1010 vocata
456 978 509 1010 est,
535 984 648 1009 aurea
676 977 823 1019 propter
850 973 1044 1018 puritatem
1073 976 1109 1007 et
1135 982 1219 1018 per-

49 1035 253 1079 fectionem,
282 1038 317 1070 et
344 1035 415 1070 tale
443 1034 607 1070 seculum
636 1033 702 1068 suit
728 1033 804 1068 sine
830 1033 915 1079 gula
938 1032 995 1067 vel
1023 1032 1217 1075 ebrietate,

50 1094 145 1130 unde
171 1094 276 1129 dicit:
298 1096 333 1139 fe
358 1104 526 1129 sacorose
552 1104 614 1128 con
639 1095 734 1138 same
761 1095 790 1127 le
815 1094 976 1136 yltz'ancle,
1001 1092 1085 1137 quia
1106 1092 1217 1127 fames

48 1154 156 1190 debet
191 1154 351 1189 excitare
378 1157 527 1200 gustum
560 1164 631 1188 non
665 1162 832 1198 sapores3
860 1156 896 1187 et
927 1151 1089 1186 similiter
1123 1151 1215 1196 fecit,

49 1215 132 1257 oymf
157 1215 315 1257 macello,
344 1213 444 1258 idest,
474 1213 632 1247 rivulum
661 1222 768 1257 aquae
795 1221 907 1257 purae,
945 1207 1086 1254 nectare,
1115 1211 1217 1255 idest,

49 1273 161 1308 videri
186 1273 330 1308 dulcem
358 1276 391 1308 et
419 1272 583 1318 sapidum
604 1282 707 1306 more
727 1271 890 1306 nectaris.
911 1271 1041 1306 Nectar
1060 1264 1217 1314 enimt'fil,

47 1333 148 1377 idest,
177 1333 349 1377 mulsum,
378 1332 521 1376 scilicet,
541 1332 712 1377 poculum
742 1331 876 1366 sactum
897 1341 940 1366 ex
963 1331 1044 1366 vino
1072 1333 1107 1365 et
1133 1340 1217 1365 aro—

48 1392 217 1436 matibus,
253 1402 317 1425 con
344 1395 422 1435 sete,
458 1391 542 1435 quia
570 1401 641 1426 non
668 1391 920 1435 comedebant,
948 1400 1020 1425 non
1047 1390 1217 1424 bibebant

50 1451 114 1486 nisi
143 1450 379 1486 famescentes
406 1453 441 1485 et
467 1450 627 1485 sitientes
654 1450 743 1484 bora
772 1449 894 1493 tarda,
922 1449 1000 1483 ideo
1021 1449 1112 1483 bene
1134 1448 1218 1483 dicit

49 1511 185 1546 Seneca
213 1510 310 1555 quod
337 1513 424 1544 aetas
451 1520 563 1544 aurea
583 1509 651 1543 sub
670 1509 827 1544 Saturno
854 1509 919 1543 suit
941 1511 1109 1543 contenta
1138 1517 1218 1542 mo-

48 1571 127 1606 dico
154 1574 188 1606 et
215 1570 364 1615 simplici
397 1569 494 1604 victu
530 1580 599 1603 non
636 1569 743 1615 longo
779 1568 902 1603 labore
936 1567 1098 1612 quaesito,
1126 1567 1218 1601 sicut

47 1630 237 1677 glandibus
264 1633 299 1664 et
325 1639 432 1674 aqua.
453 1629 494 1663 Et
518 1628 573 1663 hic
593 1631 676 1663 nota
697 1628 793 1672 quod
812 1626 1051 1672 appellatione
1077 1625 1217 1671 glandis

49 1700 175 1726 omnes
203 1690 343 1724 fructus
370 1688 612 1733 continentur,
645 1691 685 1722 ut
716 1688 799 1722 dicit
831 1688 886 1722 lex
918 1686 1040 1722 civilis.
1068 1686 1119 1720 De
1152 1685 1217 1719 ista

49 1754 155 1785 aetate
181 1749 321 1784 dicetur
348 1748 487 1794 plenius
515 1748 605 1783 infra
633 1748 789 1793 capitulo
808 1747 960 1782 XXVIII.
976 1744 1133 1780 —Me‘la
1154 1745 1217 1780 Hic

51 1810 178 1844 ultimo
205 1812 310 1854 poeta
336 1808 481 1843 adducit
508 1807 605 1842 aliud
627 1807 835 1852 exemplum
863 1805 986 1851 rigidae
1014 1804 1216 1840 sobrietatis

50 1869 94 1904 de
121 1880 159 1904 se
187 1869 338 1903 clarum.
366 1868 456 1901 Nam
490 1867 770 1913 gloriosissimus
787 1862 821 1909 (ὃ)
855 1866 1010 1900 Joannes
1044 1864 1152 1898 melle
1183 1867 1218 1898 et

51 1929 189 1964 locusta
218 1927 349 1973 legitur
372 1926 547 1961 educatus
570 1926 604 1960 in
624 1926 741 1971 sylvis.
762 1925 852 1960 Dicit
871 1934 960 1969 ergo
986 1924 1096 1958 bene:
1117 1919 1217 1965 Mdle,

50 1988 169 2033 liquor
198 1987 311 2022 dulcis
339 1987 477 2021 fructus
508 1996 617 2030 apum
651 1985 879 2027 sobriarum3
912 1983 979 2027 vel,
1015 1982 1216 2017 secuudum

50 2047 160 2082 alios:
189 2049 284 2089 mele,
304 2047 404 2091 idest,
425 2046 520 2080 mala
547 2045 746 2091 sylvestria,
771 2055 788 2078 e
814 2045 960 2087 locuste;
978 2043 1138 2086 locustae,
1162 2052 1218 2077 se-

52 2107 211 2142 cundum
235 2106 533 2151 Chrysostomum
564 2105 711 2150 fugaces
738 2104 896 2149 figurant
923 2113 998 2146 nos,
1026 2102 1086 2147 qui
1115 2102 1216 2146 quasi

113 2216 140 2245 (¹)
158 2217 187 2240 E.
207 2217 323 2239 habetur.
584 2213 609 2244 (²)
629 2214 657 2237 E.
676 2215 699 2237 in
717 2221 766 2243 qua
784 2216 857 2236 aetato
876 2213 999 2236 homines.

113 2254 139 2283 ζ’)
158 2257 209 2282 ¹17,
229 2254 310 2283 prima
328 2256 396 2277 aetas.
584 2251 609 2281 (⁴)
631 2251 656 2274 E.
675 2252 742 2275 enim
761 2251 827 2274 idem
846 2254 883 2274 est
900 2250 967 2280 quod
986 2249 1108 2273 mulsum.

115 2292 141 2321 (⁸)
160 2292 188 2315 E.
205 2292 331 2322 gloriosus
348 2292 457 2315 Joannes
474 2291 583 2320 Baptista
601 2289 679 2313 melle
696 2292 718 2312 et
738 2290 842 2313 locustis
859 2289 950 2312 dicitur
968 2288 1098 2311 educatus.
