1737 2836
551 187 687 213 CANTUS
713 188 882 214 ocrivus.
1237 183 1305 215 503

131 259 203 295 ficit
230 260 265 294 in
293 262 396 305 parte
423 259 564 306 frigida,
597 263 632 295 et
660 260 717 296 leo
744 271 816 295 non
845 261 932 296 vivit
959 261 993 296 in
1011 258 1046 305 G}
1076 261 1307 308 septemtrio-

131 319 201 354 nali
230 319 385 355 climate.
402 322 546 354 —Ese
563 321 596 354 il.
625 320 689 356 Hic
717 321 845 356 ultimo
872 331 917 357 ex
945 321 1046 357 dictis
1070 321 1223 357 Carolus
1246 321 1308 356 dat

132 390 247 414 unum
276 380 363 415 utile
389 379 579 415 consilium
596 375 631 424 (²)
663 380 867 416 viventibus
898 381 934 416 in
969 381 1107 416 mundo
1138 381 1207 416 sub
1235 381 1309 416 for—

132 443 231 484 tuna,
261 439 424 475 videlicet
453 443 492 474 ut
518 439 740 475 concordent
773 440 958 476 fortunam
991 451 1095 476 snam
1125 444 1305 486 quantum

132 500 298 546 possibile
325 503 397 545 est,
427 499 523 535 unde
550 499 656 535 dicit:
685 503 717 534 Ε
739 511 775 535 se
801 502 827 536 il
852 503 993 543 φηοηάο,
1021 501 1121 546 idest,
1144 501 1306 536 viventes

131 560 167 595 in
195 560 332 595 mundo
361 559 532 605 inferiori,
557 570 702 604 ponesse
728 564 835 595 mente
858 559 977 605 layya'ik
1004 563 1041 596 al
1063 563 1303 606 fondmnento,

132 620 233 665 idest,
252 620 437 665 habilitati,
456 621 514 655 clze
532 624 662 655 natura
678 631 782 665 pone,
802 621 949 656 cuilibet
967 621 1115 665 homini,
1130 622 1305 664 sequendo

131 683 191 724 lui,
210 683 313 716 (wrm
340 681 454 715 besona
480 682 515 715 la
541 685 648 724 yeme.
679 681 718 715 Et
746 681 865 716 subdit
892 681 990 727 quod
1018 681 1183 716 homines
1210 690 1305 726 saepe

131 741 267 776 faciunt
294 741 511 787 oppositum,
539 741 684 776 dicens:
713 752 770 775 ma
800 743 854 776 voi
880 745 1016 777 torcele.
1043 744 1170 776 contra
1198 744 1306 776 natu—

132 802 244 837 ralem
274 801 554 846 inclinationem,
583 803 655 836 alla
686 803 864 845 religione,
893 802 993 843 idest,
1022 801 1133 837 facitis
1162 800 1306 847 religio-

130 872 213 896 sum
240 865 276 897 et
303 861 542 906 sacerdotem,
571 863 620 896 tal
645 863 702 896 che
726 863 775 906 fia
807 866 902 905 nato,
934 861 1035 906 idest,
1073 864 1166 897 esset
1201 863 1307 906 aptus

130 924 248 966 natus,
275 932 298 956 α
324 923 474 965 cinyersi
500 923 535 956 Ia
560 923 687 966 spada,
716 922 817 966 idest,
845 921 989 957 militari
1017 921 1194 966 scientiae3
1224 925 1259 956 et
1286 930 1306 956 e

130 991 318 1025 converso,
353 993 370 1016 e
403 984 474 1026 fale
500 993 539 1016 re
566 984 602 1017 (li
628 983 679 1017 cal
703 981 786 1017 elz’e'
818 983 865 1017 (Ia
897 993 1068 1025 sermone,
1105 982 1205 1026 idest,
1242 981 1303 1026 qui

130 1044 223 1077 esset
250 1041 368 1077 bonus
395 1042 596 1088 religiosus,
626 1042 687 1087 qui
715 1042 779 1077 scit
806 1042 900 1078 hene
918 1042 1167 1078 sermocinari.
1191 1042 1233 1076 Et
1253 1041 1306 1076 vi-

129 1101 237 1137 detur
265 1102 332 1137 hoc
365 1102 486 1137 dicere
521 1113 587 1148 pro
624 1112 712 1149 rege
745 1102 905 1138 Roberto
943 1102 1003 1148 qui
1031 1102 1123 1137 bene
1152 1101 1305 1137 faciebat

129 1171 338 1197 sermonem
367 1165 403 1197 et
430 1162 588 1197 multum
616 1162 876 1198 delectabatur.
906 1163 947 1197 Et
974 1165 1073 1197 certe
1095 1171 1304 1197 sermonem

130 1218 323 1257 non'bene
351 1222 433 1257 facit
460 1222 525 1257 nisi
554 1222 615 1268 qui
649 1227 702 1258 est
733 1222 907 1268 sapientia
942 1222 1115 1257 imbutus.
1149 1222 1191 1256 Et
1218 1232 1305 1257 vere

129 1281 301 1327 quicquid
328 1283 481 1328 dicatur,
510 1283 566 1318 hic
595 1293 658 1318 rex
681 1283 746 1318 fuit
768 1283 1006 1327 civilissimus,
1027 1282 1303 1327 moralissimns,

129 1342 305 1377 librorum
343 1347 497 1389 amator,
536 1343 763 1379 literatorum
801 1343 952 1388 amicus,
989 1343 1050 1388 qui
1084 1342 1183 1377 novit
1216 1342 1304 1377 dare

127 1402 264 1449 dignis3
292 1403 353 1438 sed
381 1407 486 1449 poeta
514 1407 622 1439 caute
655 1403 754 1450 fingit.
786 1403 957 1438 Carolum
986 1402 1107 1438 dicere
1135 1402 1211 1447 ista,
1240 1401 1302 1446 qui

128 1463 301 1498 voluisset
341 1463 459 1509 potius
497 1463 699 1499 Robertum
742 1463 819 1499 fieri
860 1463 1009 1498 fratrem
1050 1456 1302 1506 Minoruml³l⁷

130 1533 241 1568 quam
262 1534 400 1570 regem,
421 1528 460 1559 ut
488 1534 643 1570 regnum
664 1524 887 1569 pervenisset
905 1523 949 1558 ad
970 1522 1153 1557 haeredem
1178 1532 1301 1556 suum.

129 1583 171 1617 Et
197 1583 379 1618 concludit
405 1583 581 1619 finaliter:
610 1585 699 1619 oncle
730 1585 765 1618 la
800 1585 931 1618 craecia
958 1586 1077 1617 vostra
1111 1580 1130 1617 e*
1158 1584 1241 1626 suor
1268 1583 1303 1616 (Ii

128 1644 266 1685 strada,
286 1643 386 1688 idest,
408 1644 557 1690 vestigia
582 1648 701 1680 vestra
726 1647 810 1679 sunt
832 1647 935 1679 extra
957 1643 1051 1678 viani
1073 1646 1214 1677 natnrae
1234 1645 1301 1677 etc.

189 1774 214 1802 (¹)
233 1773 261 1797 E.
280 1774 304 1797 in
322 1775 431 1804 septimo
450 1775 559 1798 climate.
656 1773 681 1803 (²)
704 1777 722 1803 Β,
740 1774 898 1804 exemplum.
1003 1772 1019 1799 ⁸)
1039 1772 1066 1795 E.
1087 1772 1225 1796 Minorem.

526 2010 619 2035 FlNIS
645 2010 732 2035 TOMl
760 2009 906 2040 QUARTI.
