1766 2856
499 233 567 264 144
857 235 1061 261 COMENTEM
1086 234 1310 260 PURGATORII

494 311 605 346 bilem
633 309 679 345 ad
706 308 827 344 onmia
850 309 929 354 jam
962 307 1068 352 dicta,
1097 307 1233 342 turbato
1268 317 1313 340 zm¹
1347 316 1448 350 poco,
1476 316 1581 342 more
1613 316 1672 341 sa-

494 370 633 416 pientis‚
662 371 769 404 disse:
796 378 881 404 cum
909 368 1057 413 aliquali
1083 367 1349 414 indignatione:
1375 376 1419 400 or
1448 368 1536 409 cedi,
1560 368 1671 412 fiylesso,

496 435 552 465 {ra
579 431 738 465 Beatriee
764 440 782 463 e
808 433 837 463 le
863 427 882 463 e?
907 432 1023 473 questo
1050 439 1164 472 muro,
1196 426 1300 473 quasi
1327 426 1546 472 dicat‚i11ter
1574 430 1610 462 te
1636 430 1672 463 et

495 489 757 526 beatitudinem
776 485 812 533 (¹)
840 491 893 524 est
920 488 986 524 iste
1013 498 1149 534 parvus
1173 497 1304 522 murus
1324 486 1471 533 igneus;
1492 486 1597 532 quasi
1619 486 1672 522 di-

495 553 570 586 cat:
600 550 692 595 vide,
718 549 813 584 bone
840 548 900 593 fili,
927 548 956 583 si
982 559 1049 594 pro
1076 547 1290 583 brevissima
1318 557 1426 592 poena
1457 546 1546 582 velis
1573 555 1671 581 nunc

495 610 650 656 perdere
681 612 733 644 tot
760 609 902 644 labores
930 611 966 644 et
993 608 1157 653 sudores,
1189 617 1281 652 quos
1313 606 1424 642 tulisti
1456 616 1521 652 per
1553 609 1671 641 totum

495 670 680 706 infernum
716 673 752 705 et
787 668 1119 715 purgatorium.—
1138 670 1250 702 Come.
1283 667 1347 702 Hic
1379 670 1486 712 poeta
1517 665 1672 702 ostendit

496 729 681 775 quomodo
715 729 833 764 victus
860 728 905 764 sit
936 728 1019 763 forti
1047 731 1270 773 argumento
1296 726 1432 773 Virgilii
1464 736 1530 772 per
1560 735 1672 760 unam

491 789 790 835 jocundissimam
812 787 1137 833 comparationem.
1157 786 1210 821 Ad
1229 786 1334 822 cuius
1353 786 1598 832 cognitionem
1618 788 1673 820 est

496 849 614 895 primo
635 847 822 883 sciendum
844 847 942 892 quod
961 847 1047 882 olim
1068 847 1103 881 in
1128 857 1263 892 magna
1289 846 1486 892 Babylonia
1513 844 1671 891 assyrio-

497 919 580 944 rum
601 908 666 942 suit
684 907 804 953 puella
824 907 1047 953 pulcerrima
1074 907 1223 942 nomine
1241 906 1357 953 Tysbe
1376 905 1493 941 vicina
1512 906 1670 952 Pyramo

496 978 668 1004 amoroso
699 967 827 1013 juveni
861 967 1099 1014 contiguitate
1137 967 1291 1011 domus3
1325 966 1387 1012 qui
1420 966 1560 1002 ratione
1586 965 1675 1001 vici-

496 1029 565 1064 niae
592 1028 802 1063 habuerunt
828 1038 849 1063 a
877 1027 1011 1063 teneris
1029 1027 1132 1062 annis
1159 1027 1374 1063 familiarem
1390 1022 1424 1070 (²)
1446 1029 1482 1061 et
1500 1025 1670 1061 blandam

496 1088 813 1124 conversationem
841 1087 886 1123 ad
914 1087 1080 1123 invicem.
1108 1087 1206 1123 Inter
1233 1097 1324 1132 quos
1351 1090 1538 1122 crescente
1566 1088 1674 1120 aetate

496 1148 609 1184 crevit
637 1147 785 1182 flamma
818 1147 955 1182 amoris
982 1147 1177 1183 incendens
1204 1157 1335 1182 eorum
1363 1145 1582 1192 praecordia3
1608 1144 1671 1180 sed

499 1209 670 1255 exigente
703 1211 810 1243 aetate
836 1207 960 1243 adulta
988 1207 1104 1253 Tysbe
1130 1218 1152 1243 a
1178 1207 1391 1253 parentibus
1418 1206 1527 1252 coepit
1555 1204 1672 1241 teneri

498 1270 591 1304 intra
618 1268 770 1303 domum
800 1271 900 1302 tanto
929 1267 1058 1302 maiori
1086 1267 1153 1302 sub
1180 1266 1355 1312 custodia,
1375 1269 1512 1311 quanto
1535 1265 1672 1300 formo-

498 1329 570 1364 sior
597 1331 687 1364 erat.
722 1327 825 1370 Quod
854 1327 1006 1363 moleste
1041 1326 1199 1362 ferentes
1231 1330 1399 1372 uterque,
1428 1335 1557 1361 amore
1591 1334 1671 1360 ma-

497 1389 621 1435 gistro,
646 1388 865 1423 invenerunt
887 1386 1073 1432 rimulam,
1093 1387 1128 1421 in
1151 1386 1338 1422 communi
1365 1385 1504 1431 pariete
1531 1384 1566 1419 in
1594 1384 1673 1420 loco

496 1448 705 1484 abscondito
731 1457 796 1493 per
823 1457 935 1492 quam
964 1450 1094 1482 mutua
1122 1450 1217 1491 vota,
1246 1445 1399 1491 suspiria
1434 1449 1470 1481 et
1501 1444 1672 1490 supplicia

496 1508 632 1544 amoris
658 1507 740 1542 hinc
767 1506 849 1542 inde
876 1506 1091 1552 pandebant.
1116 1506 1278 1541 Tandem
1301 1505 1577 1552 prohibentibus
1596 1504 1673 1539 illos

496 1569 577 1615 lege
604 1567 779 1613 copulari,
810 1566 1114 1613 excogitaverunt
1146 1567 1283 1611 locum7
1311 1566 1373 1600 ubi
1408 1576 1513 1601 more
1545 1576 1674 1600 aman-

497 1629 587 1663 tium
616 1630 761 1673 possent
788 1626 864 1662 sine
893 1626 1013 1661 medio
1040 1630 1076 1661 et
1103 1626 1226 1661 animo
1254 1629 1290 1661 et
1316 1635 1471 1670 corpore
1491 1624 1674 1660 coniuncti

498 1688 575 1723 fieri
602 1687 708 1723 idem.
738 1687 864 1732 Itaque
891 1686 975 1721 dato
1001 1685 1129 1721 ordine
1162 1689 1203 1720 ut
1237 1685 1282 1721 de
1318 1688 1425 1720 nocte
1452 1684 1673 1720 clandestine

498 1748 633 1795 egressi
660 1748 813 1783 domum
840 1750 876 1782 et
903 1746 1034 1782 urbem
1063 1745 1302 1782 convenirent
1329 1745 1365 1780 in
1396 1755 1550 1781 nemore
1576 1745 1673 1791 apud

499 1809 634 1844 sontem
657 1807 816 1843 vicinum
837 1806 1004 1852 sepulcro
1025 1806 1120 1853 regis
1139 1806 1230 1850 Nini,
1254 1805 1315 1840 ubi
1335 1805 1428 1840 alter
1446 1805 1674 1851 praeveniens

497 1869 655 1905 alterum
684 1870 904 1913 expectaret.
925 1867 1043 1913 Tysbe
1067 1865 1253 1901 ardentior
1280 1865 1397 1911 prima
1425 1864 1524 1900 venit
1549 1864 1594 1900 ad
1620 1864 1674 1899 lo-

498 1940 596 1975 cum,
624 1933 659 1965 et
686 1929 733 1964 ibi
760 1927 897 1963 solicite
924 1930 1120 1972 expectans
1149 1926 1225 1961 visa
1253 1926 1368 1961 leaena
1396 1935 1478 1970 quae
1505 1924 1674 1960 veniebat

499 1990 543 2025 ad
564 1999 699 2035 aquam
721 1988 766 2025 ad
785 1987 1071 2034 extinguendam
1091 1986 1185 2022 sitim
1207 1986 1346 2032 trepide
1364 1984 1506 2031 fugiens
1527 1984 1675 2031 delapso

500 2049 643 2095 palliolo
671 2048 774 2084 latuit
802 2051 881 2094 post
908 2047 1129 2094 sepulcrum.
1154 2047 1284 2082 Leaena
1308 2044 1456 2091 pallium
1484 2044 1675 2080 inventum

501 2119 566 2144 ore
581 2114 617 2145 et
632 2109 815 2155 unguibus
830 2109 996 2144 lacerans
1011 2106 1208 2143 maculavit
1227 2105 1405 2152 sanguine
1425 2114 1544 2140 cervae
1564 2115 1675 2150 quam

502 2169 610 2214 paulo
638 2172 722 2203 ante
748 2171 953 2203 voraverat.
975 2168 1016 2202 Et
1043 2177 1128 2202 ecce
1156 2167 1336 2213 Pyramus
1363 2165 1500 2200 tardior
1531 2164 1677 2200 devenit

563 2297 589 2326 (¹)
608 2297 636 2321 E.
655 2298 805 2322 Beatricem.
1058 2296 1082 2324 (ἣ
1103 2296 1129 2319 Ε.
1149 2296 1356 2320 familiaritatem.
