1766 2856
501 243 572 275 262
863 245 1067 272 COMENTUM
1094 245 1313 270 PURGATORII

499 324 643 367 tempus
670 318 882 363 antichristi,
910 328 977 354 nec
1005 317 1122 353 maior
1155 317 1220 352 suit
1252 328 1430 362 unquam,
1459 328 1526 354 nec
1553 318 1678 353 sutura

499 381 643 417 videtur
669 378 903 423 abominatio,
923 377 1109 422 desolatio,
1130 378 1186 413 vel
1208 377 1327 413 maius
1349 377 1533 424 flagellum
1560 378 1678 414 eccle-

498 441 560 476 siae
591 440 675 485 Dei,
704 440 752 475 ita
784 438 882 484 quod
915 438 960 474 de
991 439 1233 474 Machometto
1268 437 1496 473 verificatum
1533 438 1676 474 videtur

499 500 596 546 quod
614 496 648 544 (¹)
691 500 736 536 de
768 499 921 535 Ismaele
951 498 1101 534 Genesis
1128 498 1228 533 XVI:
1257 500 1324 532 Iste
1350 499 1416 532 eric
1438 499 1535 543 serus
1561 499 1676 542 homo,

497 571 623 596 manas
650 562 721 596 eius
748 564 873 595 contra
900 569 1030 603 omnes,
1053 562 1084 593 el
1106 569 1229 592 neonus
1256 559 1410 592 omnium
1437 562 1561 592 contra
1588 569 1673 594 eum.

499 622 541 656 Et
570 620 700 656 merito
728 620 807 655 talis
834 619 945 655 draco
973 622 1082 654 tantae
1102 618 1248 653 malitiae
1267 621 1302 653 et
1325 617 1496 663 nequitiae
1514 618 1613 653 venit
1631 618 1676 654 de

498 681 652 725 Arabia,
680 691 764 716 nam
793 689 938 725 semper
961 679 1008 714 ab
1028 678 1179 723 antiquo
1197 678 1328 713 arabes
1347 677 1604 714 latrocinantes
1622 678 1676 713 in-

497 741 614 777 sidiati
641 744 725 776 sunt
752 740 885 786 populo
906 740 980 784 Dei,
1001 743 1041 773 ut
1060 749 1156 784 saepe
1175 742 1273 784 patet
1292 738 1326 773 in
1351 749 1454 774 sacra
1473 738 1673 784 scriptura:

497 805 533 838 et
561 812 658 836 nunc
685 800 828 836 Beatrix
858 810 943 835 cum
973 799 1046 834 suis
1071 799 1274 835 christianis
1297 802 1439 844 poterat
1461 799 1582 834 dicere
1601 800 1676 834 Ma-

496 862 680 897 chometto
700 863 735 896 et
754 860 828 895 suis
846 855 902 904 (²ss
923 862 1083 903 Iynocum
1102 860 1208 908 vobif,
1229 859 1376 903 Arabes,
1395 860 1532 894 venistis
1550 861 1585 894 in
1613 869 1676 894 or—

496 923 580 957 bem.
609 922 700 957 Nota
728 921 838 956 etiam
862 920 960 966 quod
980 920 1129 966 quidam
1150 919 1254 965 periti
1275 930 1339 965 pei·
1361 920 1459 955 hunc
1477 920 1676 955 draconem

498 982 625 1017 volunt
652 981 801 1027 intelligi
822 980 961 1025 Arium,
984 990 1095 1026 quem
1116 990 1211 1026 saepe
1230 980 1455 1027 Augustinus
1475 983 1581 1015 vocat
1599 990 1676 1015 ser—

498 1046 664 1089 pentem,
692 1041 753 1077 sed
781 1044 881 1077 certe
900 1041 1164 1076 Machomettus
1187 1040 1253 1075 fuit
1273 1040 1390 1076 maior
1409 1051 1574 1086 serpens3
1595 1040 1675 1086 qui-

497 1102 580 1137 dam
610 1101 719 1137 etiam
749 1111 813 1147 per
841 1101 988 1146 vulpem
1017 1100 1221 1147 intelligunt
1249 1101 1546 1145 lllacliomettum,
1575 1100 1672 1146 quod

497 1163 597 1197 nullo
626 1161 734 1196 modo
762 1161 872 1196 habet
899 1160 1167 1196 veritatem.—
1185 1162 1277 1203 Quel.
1304 1160 1367 1196 Hic
1394 1164 1499 1206 poeta
1527 1164 1673 1195 ostenso

499 1222 596 1268 quod
624 1221 734 1257 draco
761 1220 960 1266 asportavit
990 1230 1114 1256 secum
1144 1220 1177 1255 in
1207 1231 1373 1256 errorem
1395 1231 1566 1267 magnam
1590 1230 1674 1266 par-

497 1286 571 1318 tem
600 1292 745 1325 currus,
769 1291 865 1316 nunc
884 1280 1039 1316 ostendit
1067 1281 1165 1326 quod
1192 1291 1275 1327 pars
1302 1291 1385 1326 quae
1409 1281 1583 1316 remansit
1605 1280 1672 1315 suit

499 1343 613 1378 multa
642 1342 764 1378 vitiata
791 1341 998 1387 cupiditate,
1020 1341 1118 1376 unde
1142 1341 1339 1376 revertitur
1366 1341 1411 1377 ad
1438 1341 1671 1377 donationem

495 1402 730 1446 Constantini,
758 1402 899 1437 dicens:
932 1403 1016 1444 chel
1041 1402 1099 1436 elie
1125 1403 1268 1445 rimase,
1288 1401 1389 1446 idest,
1409 1401 1465 1436 illa
1487 1412 1569 1447 pars
1588 1412 1674 1437 cur-

496 1474 559 1498 rus
587 1473 670 1508 qua}
697 1473 769 1497 non
798 1466 851 1497 est
878 1465 1002 1497 secuta
1031 1462 1328 1506 Machomettum,
1355 1462 1489 1498 scilicet
1521 1472 1672 1498 romana

496 1523 609 1567 curia,
621 1526 660 1557 ut
676 1533 765 1568 papa
781 1525 816 1557 et
831 1521 1031 1556 cardinales
1040 1517 1088 1566 θ’),
1102 1532 1184 1566 qua*r
1201 1522 1374 1557 remansit
1395 1522 1431 1556 in
1447 1522 1515 1557 [ide
1533 1522 1672 1567 Christi,

495 1585 525 1618 si
550 1584 726 1627 ricoperse
745 1583 835 1616 della
859 1583 991 1626 pinam,
1012 1581 1113 1625 idest,
1133 1581 1226 1616 dicta
1249 1581 1344 1625 dote,
1365 1584 1504 1626 offerta,
1525 1582 1669 1627 scilicet,

495 1653 517 1678 a
539 1642 785 1687 Constantino,
813 1652 907 1676 come
935 1645 1031 1676 terra
1059 1643 1188 1684 m‘race,
1208 1651 1290 1685 qua}
1318 1644 1372 1676 est
1398 1641 1443 1676 de
1471 1652 1509 1676 se
1537 1642 1671 1687 fertilis,

496 1703 635 1748 supple,
664 1702 885 1748 cooperitur,
913 1702 949 1736 (Ιιῗ
975 1703 1179 1745 yrsmn'yna,
1201 1710 1355 1747 gramen
1383 1700 1479 1736 enim
1508 1701 1552 1736 de
1580 1701 1671 1737 sacili

495 1762 679 1809 germinat
714 1766 749 1797 et
783 1761 992 1797 difficillime
1027 1761 1245 1796 eradicatur.
1283 1761 1324 1795 Et
1360 1764 1413 1796 est
1446 1762 1671 1806 comparatio

496 1822 661 1869 propria:
691 1825 828 1867 quanto
856 1821 953 1857 enim
984 1825 1081 1856 terra
1101 1825 1155 1856 est
1178 1820 1393 1856 naturaliter
1422 1821 1561 1866 melior,
1585 1831 1669 1856 cum

495 1883 592 1918 malo
619 1882 758 1918 semine
787 1882 842 1917 vel
871 1892 943 1916 non
975 1881 1070 1917 culta
1104 1881 1262 1916 efficitur
1295 1880 1407 1926 peior,
1435 1881 1527 1916 sicut
1561 1892 1669 1927 supra

494 1943 582 1978 dixit
610 1943 684 1988 ipsa
712 1941 854 1977 Beatrix
886 1952 950 1987 pro
979 1941 1054 1987 ipso
1082 1945 1198 1987 poeta.
1229 1941 1270 1975 Et
1292 1941 1395 1976 dicit:
1420 1943 1517 1986 forse
1535 1952 1598 1976 con
1618 1942 1672 1976 ιἠ-

495 2005 630 2039 tenzion
657 2014 748 2038 sana
775 2006 806 2037 ec
832 2003 994 2046 beniyna,
1015 2002 1100 2047 quia
1125 2001 1274 2037 intentio
1302 2001 1461 2036 Silvestri
1490 2001 1555 2036 fnit
1577 2001 1672 2036 bona

495 2066 587 2100 sorte
614 2064 658 2099 ad
686 2063 934 2099 defensionem
963 2073 1096 2097 currus
1116 2065 1151 2097 et
1175 2061 1472 2107 reintegrandum
1496 2061 1672 2096 scissuras

496 2128 668 2169 receptas.
697 2123 850 2159 Intentio
878 2123 988 2158 etiam
1012 2121 1232 2158 Constantini
1262 2121 1327 2156 fuit
1355 2124 1466 2165 recta,
1487 2121 1568 2156 licet
1592 2131 1670 2156 ma-

558 2240 583 2268 (')
604 2242 655 2265 117,
674 2239 741 2268 quod
761 2239 854 2262 dicitur
872 2239 902 2261 ile
920 2239 1037 2262 Ismacle.

556 2277 582 2305 (²)
603 2277 629 2300 E.
648 2277 699 2299 suis
717 2276 779 2299 illud
799 2277 904 2299 Lucani:
926 2277 1050 2306 lytznlnrn.

558 2315 583 2346 (⁸)
604 2315 631 2338 E.
648 2317 673 2337 et
691 2314 832 2337 cardin-'llos
851 2321 963 2337 romanae
981 2314 1059 2337 νηπίω
1077 2320 1143 2344 quw.
