1737 2836
382 206 518 232 CANTUS
544 206 758 232 TRffiESfflL’S
784 207 924 232 PRlMUS.
971 189 975 193 *
1163 199 1232 231 233

67 278 204 314 tricem.
234 278 324 314 Dicit
351 289 458 325 ergo:
488 279 637 313 Robusto
664 290 778 323 cerro,
806 279 907 323 idest,
936 278 1035 313 fortis
1062 287 1233 322 quercus,

66 339 96 372 si
120 338 281 380 clibarlm,
304 338 403 382 idest,
423 338 624 382 desoliatur,
644 349 772 373 omero
797 349 819 372 α
845 340 983 373 noslral
1002 341 1112 380 vento,
1132 336 1233 381 idest,

65 408 85 432 a
113 397 235 442 borea,
260 399 321 443 qui
349 398 446 433 venit
471 408 492 432 a
520 401 644 432 nostro
664 399 744 443 polo
764 398 1045 443 septentrionali,
1065 407 1192 432 ovvero
1211 407 1233 431 α

65 459 153 501 quel,
180 458 325 502 scilicet,
353 461 459 493 vento
487 461 623 501 austro,
647 458 708 502 qui
729 458 824 492 venit
843 469 864 492 a
884 458 966 502 polo
995 456 1231 500 meridionali,

67 517 128 561 qui
156 521 285 553 ventus
313 517 437 554 transit
464 527 528 562 per
554 517 730 561 Africam,
760 517 856 551 unde
889 516 990 551 dicit:
1019 518 1109 551 della
1137 520 1231 550 terra

65 578 249 621 ‹lz'Jarba;
275 577 400 612 Jarbas
427 577 523 612 enim
553 577 617 611 suit
646 586 707 611 rex
737 576 857 621 Libyae
884 579 1049 620 tempore
1075 575 1230 619 Didonis,

67 640 105 671 ut
131 637 272 672 dicetur
304 637 459 672 Paradisi
495 637 652 682 capitulo
680 636 739 679 lx,
770 646 833 670 con
866 646 941 669 men
967 636 1004 669 cli
1028 636 1231 676 rese‘slenza,

65 696 164 741 idest,
193 697 324 731 minori
352 697 485 741 labore,
514 698 563 731 cla’
578 698 610 730 io
637 707 705 730 mm
735 697 823 730 levat
850 697 873 729 il
898 699 1021 738 memo,
1050 694 1150 738 idest,
1180 694 1231 728 fa-

63 755 168 800 ciem,
196 758 233 790 al
257 767 319 790 sno
345 758 538 800 eomcmclo5
566 760 601 791 et
627 756 677 791 sic
704 756 796 791 bene
817 755 935 800 recepi
960 755 1123 789 dolorem
1145 753 1230 788 mihi

65 815 294 860 promissum.
324 816 365 850 Et
397 816 452 851 hic
486 820 569 851 nota
601 816 698 860 quod
730 815 954 860 comparatio
981 818 1034 849 est
1061 814 1230 859 propria:

66 886 224 920 quercus
251 875 344 910 enim
374 875 484 910 arbor
509 875 608 910 fortis
630 875 723 910 bene
745 875 913 910 convenit
933 875 1016 909 huic
1039 874 1117 908 viro
1137 873 1231 917 sorti,

65 939 97 970 et
126 945 247 970 sermo
274 935 445 970 Beatricis
473 935 564 970 bene
591 935 758 970 convenit
791 938 899 969 vento
931 934 1066 969 boreali
1099 938 1133 968 et
1164 943 1232 968 au—

64 995 173 1039 strali,
202 995 287 1040 quia
315 1005 411 1029 nnnc
438 998 593 1038 serenat,
622 1005 718 1029 nunc
752 994 875 1029 turbat
905 1004 1042 1029 aerem.
1071 994 1113 1028 Et
1140 993 1232 1028 sicut

65 1055 234 1090 violentia
261 1054 382 1089 borea}
411 1054 466 1089 vel
494 1054 609 1089 austri
637 1065 708 1089 non
730 1054 880 1089 faciliter
898 1054 1025 1099 spoliat
1046 1054 1230 1097 arborem,

65 1115 113 1150 ita
140 1124 237 1150 nunc
265 1114 423 1160 rigiditas
451 1114 628 1149 sermonis
656 1114 826 1149 Beatricis
858 1113 914 1147 vix
944 1113 1117 1158 compulit
1145 1122 1231 1158 poe-

64 1178 136 1210 tam
171 1174 338 1210 attollere
372 1174 512 1218 faciem,
541 1174 587 1208 ita
616 1174 712 1218 quod
747 1173 884 1208 facilius
919 1173 1042 1208 fuisset
1072 1172 1230 1217 depilare

64 1235 129 1270 sibi
156 1234 319 1269 barbam.
348 1234 387 1268 Et
415 1234 567 1269 ostendit
597 1233 681 1278 quid
711 1233 870 1268 maxime
897 1233 1099 1268 turbaverit
1131 1242 1230 1274 eum,

64 1294 207 1339 scilicet,
236 1293 455 1329 vocabulum
486 1294 619 1338 barbae,
642 1293 782 1328 dicens:
802 1304 819 1327 e
841 1293 901 1327 ben
920 1293 1063 1327 conobbi
1081 1294 1105 1327 il
1125 1303 1227 1327 renen

62 1355 138 1389 clell'
153 1357 369 1396 aryomenlo,
393 1353 495 1397 quasi
523 1353 628 1396 dicat,
649 1356 870 1387 venenatum
903 1356 1069 1397 mottum,
1089 1354 1231 1396 quando

62 1415 168 1447 cln'ese
186 1414 210 1447 il
229 1414 313 1455 riso,
341 1413 485 1456 scilicet,
514 1422 652 1457 meum,
676 1423 741 1456 per
767 1413 800 1446 la
829 1412 954 1454 barba,
982 1412 1083 1456 quasi
1112 1412 1229 1447 dicat:

63 1473 155 1508 bene
182 1472 351 1517 intellexi,
380 1472 476 1517 quod
504 1472 648 1507 volebat
670 1472 810 1507 dicere:
829 1472 875 1506 ab
895 1482 1006 1507 senex
1026 1471 1149 1515 delire,
1169 1472 1231 1517 qui

63 1542 102 1567 es
128 1532 300 1567 barbatus
321 1532 399 1577 Jam
427 1542 491 1577 per
520 1532 654 1566 multos
680 1533 811 1566 annos!

136 1594 165 1626 E
189 1602 292 1626 come.
321 1592 389 1626 Ista
417 1594 470 1626 est
499 1591 601 1626 tertia
629 1601 711 1636 pars
738 1591 918 1636 generalis
944 1591 1050 1625 liuius
1072 1591 1229 1636 capituli,

62 1651 96 1685 in
123 1661 195 1696 qua
228 1654 333 1696 poeta
367 1650 519 1686 ostendit
551 1650 735 1695 quomodo
769 1650 946 1696 poenitens
979 1654 1014 1686 et
1045 1652 1230 1686 confessus

61 1710 168 1746 fuerit
195 1711 288 1746 lotus
316 1711 350 1745 in
378 1711 521 1746 Letbaeo
555 1714 590 1745 et
625 1710 776 1745 traditus
810 1710 1021 1745 virtutibus:
1051 1714 1085 1746 et
1113 1711 1230 1756 primo

62 1771 207 1816 quidem
236 1770 389 1806 ostendit
416 1770 572 1814 qualiter
598 1770 716 1815 angeli
744 1770 923 1805 dederunt
946 1771 1010 1805 sibi
1030 1771 1151 1805 locum
1176 1771 1230 1805 vi-

61 1830 166 1866 dendi
195 1830 407 1874 Beatiicem,
434 1829 519 1874 quia
545 1832 781 1865 cessaverunt
811 1830 857 1865 ab
891 1840 1002 1875 opere
1033 1840 1110 1865 suo.
1139 1830 1229 1864 Dicit

62 1900 169 1937 ergo:
200 1893 230 1924 E
246 1891 352 1933 quelle
374 1891 487 1933 prime
513 1893 684 1932 creature,
711 1889 856 1933 scilicet,
876 1889 1007 1935 angeli,
1027 1889 1087 1934 qui
1112 1889 1229 1934 primo

64 1953 280 1997 rogaverant
307 1960 372 1994 pro
404 1959 459 1993 eo,
484 1950 638 1992 poscersi,
670 1949 715 1983 ab
747 1948 957 1993 aspersione
988 1949 1132 1992 florum,
1161 1948 1229 1982 sub

62 2020 221 2055 quorum
250 2009 347 2044 nube
374 2008 517 2043 Beatrix
543 2008 687 2052 latebat,
707 2011 747 2042 ut
768 2008 904 2042 dictum
932 2011 985 2042 est
1012 2007 1229 2052 praecedenti

62 2070 236 2116 capitulo,
263 2080 280 2103 e
306 2070 456 2103 l'occlzesso
475 2078 650 2112 comprese
677 2069 713 2102 dt
739 2069 794 2102 lor
821 2069 1027 2112 apparst‘on,
1048 2067 1148 2112 idest,
1167 2078 1231 2113 ap-

63 2129 251 2175 paritione,
278 2139 372 2163 come
404 2130 439 2162 la
466 2130 534 2162 mia
565 2129 680 2172 faccia
711 2129 741 2162 si
770 2128 902 2171 distese,
941 2138 1067 2163 versus
1101 2127 1229 2162 faciem

64 2189 244 2225 BeatriciS.
273 2189 314 2223 Et
341 2188 453 2234 tangit
480 2187 665 2232 quomodo
698 2187 825 2223 viderit
857 2198 951 2232 eam,
978 2187 1116 2223 dicens:
1151 2200 1168 2222 e
1202 2190 1231 2223 le

64 2251 128 2286 mie
154 2250 232 2292 luci,
251 2248 350 2292 idest,
370 2249 477 2293 oculi,
497 2258 607 2282 ancor
630 2258 718 2291 poco
744 2249 867 2292 sit-mv,
895 2248 974 2283 licet
1000 2247 1117 2293 angeli
1146 2249 1228 2284 red-
