1737 2836
485 247 623 273 CANTUS
650 247 810 273 TERTms.
1165 240 1234 271 367

60 323 184 366 postea
211 319 374 364 dicetur,
396 315 486 364 pero
510 321 618 364 parm
650 330 713 354 eon
741 329 825 364 esse,
855 318 999 363 scilieet,
1032 318 1236 363 animabus,

60 383 92 414 et
115 381 174 414 ode·
199 390 216 413 e
243 381 351 423 credz',
379 379 551 425 quicquid
579 379 697 415 dicent
715 376 749 423 χ’)
780 379 854 423 tibi,
878 379 963 424 quia
990 390 1061 414 non
1088 382 1238 424 possunt

60 439 224 484 mentiri,
254 439 351 475 unde
377 439 480 474 dicit:
509 440 568 474 che
599 441 634 474 la
662 450 784 474 verace
814 441 899 483 Ince,
933 439 1078 484 seilicet,
1105 439 1237 484 divina,

60 499 118 533 che
145 500 174 533 le
201 510 355 543 appaya,
388 499 488 543 idest,
516 503 713 543 eontentat,
742 510 810 534 non
846 500 954 534 lasela
988 501 1043 533 lor
1076 503 1190 534 lorcer
1217 501 1239 533 lt

55 560 150 603 pedi,
179 559 280 604 idest,
307 569 472 594 amorem
502 562 535 594 et
562 558 806 603 affectionem,
826 560 874 593 cla
896 556 943 602 δέ,
972 558 1073 603 idest,
1096 559 1142 594 ab
1161 559 1235 604 ipsa

60 617 153 662 luce,
183 629 266 663 quae
293 623 347 654 est
375 619 517 654 veritas.

136 681 179 713 Et
205 680 236 713 io
263 679 466 713 all‘ombra.
495 679 564 714 Ista
595 682 648 714 est
683 678 843 714 secunda
871 689 954 724 pars
980 678 1171 724 generalis,
1200 678 1236 713 in

61 750 133 784 qua
161 739 294 774 Dantes
322 739 357 773 in
385 739 527 785 speciali
555 739 628 785 agit
655 743 691 774 et
718 741 847 774 tractat
874 738 919 773 de
946 749 1019 773 una
1045 738 1167 774 anima
1195 738 1236 773 il—

62 799 181 834 larum
203 798 410 833 animarum
431 799 613 834 contraria
629 798 795 833 Narcisso
816 798 952 833 famosa
973 802 1138 844 tempore
1157 808 1234 833 500.

61 858 114 894 Ad
142 859 246 894 euius
273 859 517 905 cognitionem
546 862 687 904 oportet
711 858 829 904 primo
848 858 1030 904 praescire,
1053 858 1151 903 quod
1170 858 1235 894 ista

62 922 116 954 est
135 918 309 954 Picharda
332 919 551 964 pulcerrima
571 919 812 964 pudicissima,
829 918 873 953 de
894 928 966 963 qua
986 918 1078 953 facta
1097 922 1151 954 est
1173 929 1238 954 ex—

61 989 186 1024 pressa
215 979 398 1024 praedictio
430 979 635 1025 Purgatorii
660 978 816 1024 capitulo
843 978 965 1022 XXIV,
998 988 1081 1023 quae
1112 981 1238 1024 sponte

62 1043 98 1074 et
125 1049 169 1074 ex
197 1043 297 1074 certa
316 1039 465 1074 scientia
484 1039 683 1074 devoverat
702 1049 806 1073 suam
828 1038 968 1074 Christo
992 1039 1236 1084 virginitatem

64 1110 148 1135 cum
160 1100 237 1145 ι1001
255 1103 348 1135 esset
366 1099 489 1134 adulta
510 1099 545 1134 in
568 1099 789 1134 monasterio
809 1103 942 1134 sanctae
957 1099 1073 1134 Clarae
1092 1099 1136 1134 de
1155 1099 1237 1134 Flo-

63 1159 190 1194 rentia.
212 1158 281 1194 Sed
304 1158 417 1194 frater
436 1159 514 1194 eius
533 1159 704 1194 dominus
722 1159 873 1194 Cnrsius
892 1159 936 1194 de
955 1159 1114 1204 Donatis,
1136 1159 1238 1194 miles

62 1218 335 1263 famosissimus,
363 1229 447 1253 cum
477 1218 550 1253 suis
582 1218 695 1264 ipsam
728 1218 905 1254 violenter
939 1218 1048 1254 traxit
1074 1219 1119 1254 de
1145 1219 1238 1264 1000,

63 1289 148 1314 0001
186 1278 431 1324 despondisset
469 1289 551 1313 eam
588 1278 666 1313 viro
702 1278 885 1323 saeeulari,
926 1278 1060 1314 scilieet
1093 1278 1236 1313 cuidam

63 1339 231 1375 Roselino
257 1339 303 1374 de
330 1338 510 1373 nobilibus
537 1338 581 1374 de
609 1339 640 1373 la
670 1339 772 1374 Tosa.
796 1338 971 1373 Pieliarda
999 1349 1238 1384 perseverans

64 1399 100 1434 in
126 1409 193 1434 suo
221 1401 345 1434 saneto
372 1398 567 1444 proposito,
595 1398 825 1434 devotissime
852 1399 1066 1444 supplicavit
1092 1399 1179 1443 Deo,
1199 1402 1240 1433 ut

65 1458 273 1494 incurreret
308 1460 464 1493 mortem
498 1458 554 1493 vel
589 1457 848 1503 infirmitatem,
877 1468 940 1504 per
975 1469 1087 1503 quam
1122 1462 1240 1504 posset

65 1528 215 1553 servare
242 1517 450 1553 inviolatam
480 1528 584 1552 suam
615 1518 877 1564 virginitatem:
903 1521 938 1553 et
963 1518 1135 1553 00011000
1154 1528 1241 1564 gra-

64 1578 118 1613 vis
145 1578 296 1612 morbus
316 1577 444 1612 invasit
463 1588 611 1613 carnem
637 1578 724 1622 eius,
753 1588 827 1623 quo
853 1578 911 1613 illa
940 1578 1100 1614 moriens
1121 1582 1240 1613 trans-

66 1637 128 1673 ivit
155 1638 199 1673 ad
220 1638 410 1673 meliorem
429 1648 614 1683 sponsum.
643 1638 685 1672 Et
714 1642 812 1673 reete
835 1638 900 1673 ista
917 1638 1117 1684 juvencula
1139 1642 1239 1674 tusca

66 1697 159 1743 fecit,
187 1697 279 1733 sieut
297 1697 382 1732 olim
410 1697 619 1733 adolescens
647 1701 771 1733 tuscus
794 1698 941 1733 nomine
964 1698 1157 1744 Spurinna,
1177 1698 1238 1744 qui

66 1767 150 1793 cum
179 1757 226 1792 ob
259 1757 475 1802 elegantiam
508 1767 584 1792 suae
616 1757 743 1792 ἴοι-0103
776 1758 898 1793 multis
932 1758 1018 1793 viris
1049 1762 1241 1803 suspectus

67 1817 295 1861 redderetur,
315 1827 419 1851 snam
449 1816 647 1852 formosam
667 1817 796 1852 faeiem
817 1817 1002 1864 unguibus
1021 1817 1186 1854 exaravit
1206 1821 1241 1853 et

67 1875 295 1911 deformavit.
312 1875 415 1910 Nune
429 1875 473 1910 ad
493 1875 648 1921 literam,
667 1880 776 1911 autor
795 1881 946 1922 apparat
964 1887 1003 1912 se
1021 1877 1067 1912 ad
1087 1878 1241 1922 loquen-

67 1935 155 1970 dum
183 1935 286 1970 dictae
319 1935 472 1980 umbrae,
504 1935 645 1971 dicens:
674 1939 717 1970 Et
746 1937 780 1970 io
812 1937 1000 1971 drizzaimi
1030 1937 1242 1980 all'omhra,

68 1995 170 2040 idest,
197 1995 340 2040 animae,
367 1996 426 2029 che
447 2006 562 2039 parea
587 1993 647 2039 ρῑῗῐι
674 2006 767 2039 vaya
793 1997 829 2030 di
854 1998 1042 2040 ragionar,
1069 1996 1153 2041 quia
1182 2007 1243 2031 00-

68 2058 247 2101 gnoverat
273 2065 359 2090 eum
388 2055 423 2090 in
451 2055 534 2099 vila,
555 2058 590 2090 et
612 2059 692 2091 erat
716 2055 761 2091 de
780 2055 895 2101 patria
914 2066 992 2101 sua,
1012 2067 1029 2090 e
1047 2057 1243 2099 comineiai,

69 2115 206 2160 supple,
234 2115 344 2161 loqui,
372 2117 473 2160 qnasi
497 2116 678 2150 com’uom
709 2117 764 2150 cui
795 2119 922 2160 trappa
956 2117 1072 2159 voylm
1104 2126 1244 2160 smaya,

69 2174 170 2220 idest,
204 2185 315 2220 quem
351 2175 483 2210 ardens
521 2174 741 2210 desiderium
777 2176 931 2211 alterat:
966 2175 1110 2211 videbat
1146 2175 1241 2211 enim

133 2303 160 2334 ζ’)
177 2304 206 2328 Ε,
225 2304 332 2328 dicetur.
