1766 2856
512 242 556 273 20
871 244 1073 270 COMENTUM
1100 244 1319 269 PURGATORII

510 320 531 354 Γ
546 320 653 361 altra,
680 317 824 361 scilicet,
852 315 997 360 Statius,
1024 317 1213 359 sconyc'ara
1239 315 1332 349 cle'io
1355 315 1454 358 (Iica5
1473 315 1553 349 ond'
1570 315 1602 348 io
1623 323 1683 348 so-

509 381 618 424 spz'ro,
646 388 664 412 e
689 387 775 411 sono
803 378 909 410 inleso
935 377 998 410 dal
1022 377 1090 410 mio
1117 378 1281 418 maescro,
1303 374 1448 418 scilicet,
1472 384 1495 409 a
1521 373 1681 420 Virgilio,

511 448 622 484 quem
651 438 730 482 plus
758 435 955 471 reverebar
981 435 1044 480 qui
1073 435 1215 471 videbat
1243 445 1363 470 meam
1391 434 1599 469 aviditatem
1629 433 1684 468 lo-

510 497 643 543 quendi
664 506 772 540 nunc,
792 495 938 540 qualem
959 495 1138 530 habebam
1157 495 1324 540 superius
1346 494 1497 538 sciendi,
1517 493 1597 529 ideo
1619 492 1684 528 de-

509 557 559 593 dit
586 556 649 592 sibi
678 555 858 591 licentiam
885 555 1036 599 dicendi,
1066 555 1161 590 unde
1187 554 1290 590 dicit:
1312 565 1330 588 e
1354 555 1456 596 disse,
1484 553 1542 588 ille
1563 551 1683 598 Virgi-

510 617 591 661 lius,
628 626 699 651 ηοη
724 625 809 650 (wer
830 625 951 659 paura
977 616 1013 649 (Ιί
1034 616 1186 659 parlar;
1214 617 1362 660 propter
1395 623 1465 658 me,
1494 623 1552 647 ma
1574 613 1684 656 parm

510 688 528 711 e
554 677 639 720 clz'ylz·
665 677 742 720 quel
766 676 824 709 elce
850 676 1019 709 (limanda
1045 685 1109 709 con
1137 677 1275 708 cotcmta
1301 684 1399 718 cura,
1426 673 1571 717 scilicet,
1595 682 1685 707 cau-

511 746 589 771 sam
617 735 668 769 tui
698 734 860 769 risus.—
880 735 1025 769 Ond'z‘o.
1054 734 1117 768 Hic
1144 736 1249 779 poeta
1278 733 1377 778 ponit
1409 731 1681 778 responsionem

512 806 617 831 suam
644 795 689 830 ad
716 794 925 840 petitionem
945 794 1057 839 Statii,
1082 793 1222 828 dicens:
1256 794 1404 836 Ond’e'o,
1432 791 1636 828 licentiatus
1663 800 1685 825 a

510 855 669 902 Virgilio,
697 854 788 889 dixi:
818 864 839 888 0
871 855 980 898 spirco
1011 855 1164 897 emtique,
1193 853 1255 898 qui
1287 852 1438 898 poetasti
1470 852 1548 897 Jam
1581 850 1679 885 mille

511 915 615 951 annis
642 914 788 959 elapsis,
814 915 911 958 forse
936 914 994 948 clze
1013 917 1046 948 ίιι
1066 915 1090 947 ca·
1108 914 1296 956 marswiylz'
1316 914 1372 947 del
1389 913 1487 946 ridet*
1508 912 1601 945 elz'io
1619 911 1678 955 fei,

513 975 598 1020 quia
617 974 709 1009 forte
729 973 853 1009 videor
877 973 937 1008 tibi
956 973 1123 1008 derisisse
1142 972 1353 1019 magnificas
1374 972 1499 1007 laudes
1518 980 1610 1016 quas
1631 969 1684 1005 fe-

513 1035 589 1070 cisti
608 1034 652 1069 de
671 1033 830 1080 Virgilio,
850 1037 886 1068 et
904 1032 1233 1079 singularissimum
1253 1042 1419 1067 amorem
1436 1040 1546 1076 quem
1562 1033 1685 1065 osten-

513 1094 592 1130 disti
613 1098 648 1129 te
668 1094 805 1129 habere
823 1093 868 1128 ad
887 1093 988 1128 illum
1008 1093 1290 1128 celeberrimum
1306 1095 1472 1138 poetam,
1488 1101 1545 1125 ma
1565 1090 1685 1125 vo’clze

514 1156 538 1189 te'
559 1156 648 1199 piyli
670 1151 730 1198 ρίιί
757 1154 1057 1197 (ἰἀ11ῃ]η“να;ιόη,·
1077 1156 1111 1188 et
1131 1162 1216 1188 ecce
1244 1162 1322 1187 rem
1351 1150 1584 1196 stupendam:
1605 1159 1686 1195 que-

513 1216 556 1249 sti
582 1216 640 1249 che
666 1215 772 1258 quida
801 1215 835 1248 ιή
862 1214 945 1256 allo,
967 1213 1011 1248 ad
1035 1223 1223 1247 summum
1244 1211 1398 1255 virtutis,
1417 1212 1466 1255 9Ιί
1483 1211 1578 1245 ecclei
1594 1211 1684 1253 miei,

514 1274 616 1318 idest,
636 1273 920 1319 speculationem
952 1272 1245 1315 intellectualem,
1266 1268 1285 1306 e*
1301 1272 1378 1315 quel
1403 1272 1557 1314 Virgilio,
1576 1279 1685 1304 num-

515 1344 626 1379 quam
655 1332 739 1368 satis
766 1332 943 1376 laudatus,
963 1333 1025 1366 dal
1045 1333 1128 1375 qual
1153 1334 1187 1365 ιιι
1215 1332 1359 1374 toylc'esli
1373 1332 1481 1375 fot-:a-
1503 1341 1525 1364 a
1544 1333 1682 1374 cantar,

515 1393 615 1437 idest,
644 1393 715 1427 alte
741 1391 959 1436 describere,
987 1392 1078 1434 (Ieyli
1111 1392 1240 1425 nomini
1273 1402 1290 1425 e
1320 1392 1460 1425 de’Dee'.
1489 1390 1599 1432 Quasi
1633 1389 1687 1424 di-

515 1456 572 1488 cat
586 1449 640 1496 (⁴)ss
669 1451 907 1486 imitationem
936 1451 1071 1496 Virgilii
1094 1460 1179 1485 cum
1199 1450 1339 1496 poetice
1357 1449 1573 1495 descripsisti
1592 1449 1686 1484 bella

515 1513 723 1548 Thebarum
752 1510 1015 1546 introducendo
1044 1510 1125 1545 hinc
1152 1510 1235 1545 inde
1263 1510 1427 1545 homines
1461 1513 1495 1545 et
1531 1510 1617 1545 deos
1651 1509 1687 1544 in

515 1582 631 1616 arma,
660 1571 751 1606 sicut
779 1574 817 1605 tu
845 1570 1014 1617 Virgilius
1042 1570 1152 1605 fecisti
1181 1573 1216 1605 et
1243 1570 1410 1614 accepisti
1442 1569 1488 1605 ab
1514 1569 1685 1605 Homero.

516 1632 559 1667 Et
585 1631 766 1667 concludit
793 1640 940 1666 omnem
969 1630 1077 1665 aliam
1104 1639 1266 1674 causam,
1294 1629 1435 1664 dicens:
1465 1631 1492 1664 s’
1508 1631 1601 1664 altra
1628 1640 1688 1664 ca-

516 1694 599 1736 yion
625 1692 769 1726 credesli
794 1692 831 1725 al
854 1692 952 1725 ricler
979 1691 1059 1733 mlo,
1079 1691 1224 1724 lasciala
1238 1700 1304 1734 per
1322 1700 1390 1723 non
1415 1700 1512 1733 vera,
1532 1691 1574 1724 ed
1594 1700 1687 1724 esser

517 1752 612 1786 crede?
638 1752 744 1795 quelle
764 1751 903 1795 parole,
931 1750 1068 1795 supple,
1096 1760 1175 1785 esse
1204 1760 1301 1793 vera,
1330 1750 1388 1783 che
1414 1750 1449 1784 cli
1475 1751 1522 1784 luz?
1551 1751 1686 1793 choesel,-

518 1811 603 1857 quia
630 1814 666 1846 et
693 1821 761 1856 ego
788 1810 897 1845 credo
916 1809 1000 1844 illud
1021 1809 1118 1854 quod
1137 1809 1254 1844 dixisti
1274 1809 1310 1843 in
1330 1808 1685 1844 commendationem

518 1870 673 1917 virgilii,
703 1870 782 1905 ideo
805 1880 876 1905 non
897 1869 956 1904 risi
976 1869 1010 1903 in
1029 1872 1279 1914 contemptum
1303 1868 1393 1912 eius,
1413 1878 1497 1903 cum
1518 1878 1587 1914 ego
1609 1868 1688 1903 fue-

519 1931 587 1966 rim
611 1930 834 1965 illuminatus
861 1933 895 1965 et
922 1929 1078 1964 inviatus
1109 1929 1155 1964 ab
1189 1938 1232 1964 eo
1265 1928 1310 1963 ad
1343 1928 1578 1974 poetandum,
1607 1928 1687 1963 licet

518 1991 711 2026 habuerim
740 1990 857 2025 maius
876 1990 1001 2025 lumen
1020 1989 1157 2035 gratiae,
1178 1999 1288 2034 qnam
1310 1992 1348 2023 tu
1369 1988 1425 2023 vel
1444 1988 1528 2034 ipse.
1544 2008 1593 2013 —
1610 1983 1686 2023 Gici.

519 2050 583 2085 Hic
611 2050 737 2084 ultimo
766 2052 870 2094 poeta
897 2049 1077 2084 concludit
1106 2048 1213 2084 finem
1233 2058 1309 2083 suae
1332 2047 1583 2093 responsionis,
1604 2047 1688 2093 quia

521 2110 655 2145 Statius
674 2110 832 2154 repletus
851 2113 1000 2155 stupore
1018 2113 1054 2145 et
1072 2119 1201 2144 amore
1219 2119 1303 2144 cum
1323 2118 1467 2143 summa
1484 2107 1688 2143 reverentia

522 2174 557 2206 et
584 2170 818 2205 veneratione
846 2169 1028 2205 inclinavit
1047 2180 1086 2205 se
1104 2169 1148 2204 ad
1167 2167 1426 2215 gratulandum
1448 2167 1606 2214 Virgilio.
1627 2167 1687 2202 Di-

585 2302 610 2331 (')
629 2301 658 2324 E.
676 2301 754 2324 dicat:
773 2301 797 2324 in
816 2301 984 2324 imitationem
1003 2300 1101 2331 Virgilii
1121 2302 1148 2323 tu
1166 2300 1273 2330 poetice.
