1737 2836
371 235 508 260 clxNTus
536 235 728 261 VIGESIMUS
754 234 935 260 SEPT1MUS.
1172 228 1238 260 153

71 306 162 352 fecit,
195 317 277 352 quae
311 307 450 352 magnis
484 307 608 342 ditavit
644 307 796 352 opibus,
836 306 1018 352 refugium
1055 306 1241 352 singulare

72 377 232 402 romanae
260 367 439 412 ecclesiae3
467 366 563 402 unde
590 370 625 402 et
653 376 874 401 normannos
894 369 1060 412 potenter
1087 366 1237 411 expulit,

71 427 133 472 qui
163 427 197 461 in
230 427 477 473 praeiudicium
510 427 744 462 sanctissimae
784 436 947 461 romanae
986 426 1147 461 ecclesia}
1182 436 1239 461 re-

70 498 183 533 gnum
200 487 336 532 Apuliae
356 487 573 530 invaserant,
588 489 623 521 et
639 486 829 521 vastabant
843 486 1090 531 Campaniam.
1107 486 1239 521 Fertur

71 551 194 583 autem
211 547 391 582 comitissa
408 546 576 581 habuisse
592 546 711 581 virum
728 555 866 591 genere
884 555 1239 591 germannm,quem

70 618 91 642 a
119 617 157 642 se
183 606 425 652 sequestravit
451 606 536 651 quia
564 616 633 641 non
663 608 804 651 poterat
830 614 1052 650 cognoscere
1079 614 1175 649 eam,
1200 608 1240 639 ut

71 667 211 702 dicetur
238 667 395 712 capitulo
422 667 465 701 vl
492 665 667 710 Paradisi3
690 669 726 700 et
752 664 860 699 nobili
885 664 1129 709 indignatione
1157 674 1240 709 per-

71 736 187 771 cussa,
217 726 328 761 noluit
344 723 378 770 ς’),
408 726 452 761 de
479 729 612 761 caetero
637 725 762 760 subiici
791 724 879 759 viro.
908 723 974 758 Alii
1001 727 1123 758 tamen
1150 723 1240 758 scri—

72 786 173 830 bunt,
200 785 297 831 quod
324 796 369 821 ex
397 785 475 820 viro
509 785 635 831 gennit
664 785 788 829 tilium,
816 784 878 819 sed
909 787 1056 829 propter
1096 783 1240 818 dolores

74 849 198 891 partus
226 855 414 890 nunquam
443 845 556 879 voluit
584 848 707 890 postea
735 844 813 879 viro
840 843 1042 879 admisceri.
1067 843 1148 877 Fuit
1176 843 1242 877 ista

72 906 252 941 comitissa
280 908 406 950 potens
433 904 468 939 in
496 904 717 950 principatu:
749 903 873 938 liabnit
898 903 994 939 enim
1019 903 1086 937 suh
1109 902 1241 937 ditione

72 976 138 1001 sua
164 966 360 1009 Mantuam,
389 965 570 1008 Parmam,
600 964 766 1009 Regium,
794 963 979 1007 Mutinam,
1007 962 1240 998 Ferrariam:

74 1025 139 1060 suit
165 1024 272 1060 etiam
302 1023 455 1067 literata,
478 1026 514 1058 et
534 1033 705 1068 magnam
726 1023 902 1057 librorum
928 1022 1052 1057 habuit
1079 1021 1240 1067 copiam:

76 1084 140 1119 snit
166 1093 319 1128 corpore
345 1082 488 1127 decora,
513 1082 602 1117 facie
630 1082 764 1127 hilaris,
793 1082 947 1128 pecunia
974 1082 1147 1126 liberalis3
1176 1081 1242 1115 lin-

74 1154 184 1190 guam
210 1142 376 1187 italicam,
396 1142 645 1188 germanicam
665 1145 700 1177 et
719 1142 884 1188 gallicam
906 1142 997 1177 bene
1017 1141 1124 1176 novit.
1149 1141 1242 1175 Tan—

73 1204 155 1238 dem
171 1203 300 1237 devote
322 1201 488 1247 spiritum
510 1202 660 1236 reddidit
682 1202 755 1236 Deo
770 1212 837 1236 suo
855 1212 951 1236 anno
969 1201 1094 1247 gratiae
1113 1199 1240 1235 Christi

73 1262 208 1306 MCXV,
223 1261 336 1296 {etatis
351 1271 427 1296 suae
442 1261 669 1306 sexagesimo
689 1271 796 1305 nono,
819 1261 1020 1306 imperante
1038 1260 1193 1296 Henrico
1202 1259 1241 1304 V,

73 1323 220 1358 sedente
247 1321 407 1357 Paschali
436 1331 525 1366 papa
546 1321 585 1365 Il,
614 1325 649 1356 et
677 1321 814 1366 sepulta
843 1324 896 1355 est
923 1321 957 1355 in
983 1321 1089 1355 nobili
1115 1330 1243 1355 mona-

73 1383 183 1419 sterio
210 1381 305 1427 apud
333 1381 493 1416 Paduam
516 1382 622 1427 longe
640 1391 660 1415 a
681 1382 825 1416 Mantua
849 1381 975 1416 decem
1000 1379 1184 1423 milliariis⁷
1207 1379 1242 1413 in

76 1443 243 1488 sepulcro
270 1441 397 1487 grandi
417 1452 459 1476 ex
484 1441 675 1476 alabastro.
699 1441 856 1485 Reliquit
880 1444 1003 1476 antem
1032 1440 1096 1475 sibi
1125 1441 1241 1475 litere—

77 1502 158 1538 dem
195 1501 383 1537 ecclesian]
426 1511 628 1545 romanam,
662 1511 745 1535 cnm
781 1500 943 1545 amplum
981 1499 1238 1545 patrimonium

76 1562 282 1608 possideret.
312 1560 371 1595 His
398 1560 557 1595 breviter
585 1564 620 1595 et
647 1560 830 1594 succincte
849 1559 1017 1603 collectis,
1039 1569 1134 1593 nunc
1155 1568 1242 1593 con-

76 1622 204 1666 sidera,
233 1621 355 1665 lector,
391 1620 419 1655 si
447 1623 552 1665 poeta
580 1623 703 1655 noster
742 1618 1008 1665 elegantissime
1049 1617 1241 1652 introducit

76 1682 178 1717 istam
211 1680 417 1725 Matliildim,
450 1690 531 1725 qnae
567 1679 665 1714 ducit
692 1679 809 1724 ipsum
843 1688 908 1724 per
943 1677 1151 1724 paradisum
1179 1677 1243 1713 de-

76 1741 252 1785 liciarum,
277 1743 311 1775 et
339 1739 492 1774 ostendit
519 1738 707 1773 ecclesiam
730 1737 791 1772 Dei
821 1737 1046 1782 militantem,
1076 1737 1110 1771 in
1139 1736 1244 1772 cuius

77 1800 265 1835 servitium
293 1802 329 1834 et
356 1799 532 1833 honorem
565 1802 637 1832 tam
669 1797 859 1843 magnifice
894 1796 1058 1831 militavit
1084 1797 1118 1831 in
1152 1796 1242 1840 vita,

77 1863 113 1895 et
139 1860 174 1894 in
202 1862 320 1893 morte
347 1859 495 1893 Petrum
523 1858 720 1903 principem
749 1857 856 1891 huius
879 1857 1040 1892 ecclesiae
1066 1856 1147 1891 fecit
1170 1857 1244 1890 llae-

80 1919 214 1955 sedem.
242 1919 345 1953 Nunc
372 1921 423 1953 est
460 1918 505 1952 ad
536 1918 675 1952 literam
711 1916 1016 1960 descendendum,
1044 1926 1155 1960 quam
1183 1926 1244 1950 or-

77 1979 158 2014 dina
185 1979 253 2013 sic:
278 1980 326 2013 ch'
345 1989 457 2022 parea
478 1979 579 2012 vecler
598 1979 633 2011 in
650 1988 761 2020 soyno
782 1977 915 2018 donna,
939 1986 1021 2020 quae
1041 1975 1107 2009 suit
1130 1975 1245 2020 impe-

80 2038 172 2074 riosa
200 2038 315 2082 valde,
341 2039 502 2082 yion-ane,
526 2037 610 2082 qnia
638 2036 746 2071 etiam
768 2036 801 2070 in
821 2038 1008 2070 senectute
1031 2035 1242 2080 juveniliter

79 2098 242 2134 exercuit
269 2108 401 2143 corpus
428 2100 462 2132 et
489 2097 672 2140 animum,
693 2099 728 2131 et
755 2095 839 2140 quia
868 2094 933 2129 suit
958 2105 1102 2140 semper
1129 2095 1246 2130 activa

79 2168 189 2203 opera
208 2157 445 2193 memoranda
468 2157 600 2191 faciens
629 2159 700 2190 tam
731 2155 978 2200 temporaliter
1001 2165 1112 2200 quam
1141 2155 1246 2200 spiri-

144 2287 165 2313 ἦ
188 2288 238 2313 117,
257 2292 386 2315 nunqnam
406 2286 485 2309 voluit
503 2286 534 2308 dc
551 2289 654 2308 caetero.
