1737 2836
484 244 621 271 CANTcs
648 246 812 277 QUINTUS.
1163 243 1231 273 413

58 320 195 362 quanto
224 317 340 353 maior
367 321 419 353 est
447 328 625 353 numerus
652 328 903 363 possessorum
924 322 1071 355 aeternae
1093 320 1230 366 gloriae,

57 372 157 413 tanto
175 379 255 424 plus
275 382 328 414 est
347 379 393 413 ibi
413 379 571 414 caritatis
590 382 625 414 et
643 379 796 424 amoris3
818 379 874 415 vel
895 380 962 414 hoc
980 379 1063 415 dicit
1077 376 1124 424 (¹),
1147 380 1232 425 quia

55 441 163 474 autor
192 449 362 474 reversus
388 439 432 474 ad
461 438 641 473 mundum
669 439 802 474 scribet
835 439 879 475 de
916 440 966 475 eis
998 443 1032 475 et
1059 440 1232 476 exaltabit

55 508 189 534 nomen
217 503 252 534 et
279 500 413 534 famam
442 509 584 535 eorum.
615 499 654 533 Et
681 499 801 533 subdit
834 499 867 534 in
897 500 1042 545 speciali
1070 500 1231 547 singula—

56 568 134 593 rem
163 559 391 595 affectionem
426 569 537 604 quam
569 559 751 594 habebant
782 559 826 593 ad
854 569 953 604 eum,
989 560 1131 596 dicens:
1160 572 1177 596 e
1202 558 1229 596 s}

54 629 149 652 come
175 620 337 653 ce'asczmo
364 630 386 653 α
412 620 472 654 not*
498 620 610 663 venia,
640 618 973 664 appropinquantes
1000 620 1043 655 ad
1073 631 1149 665 nos,
1174 632 1229 655 m>-

54 679 152 713 cleast'
177 680 197 713 l’
213 680 348 723 embra,
378 679 478 723 idest,
501 679 623 714 anima
651 679 760 723 clara,
790 680 893 723 piena
920 680 957 714 (Ii
982 681 1110 722 lensia,
1130 681 1227 726 plus-

54 749 165 784 quam
195 739 323 784 primo‚
352 741 408 774 nel
430 741 549 784 solym·
575 740 709 782 clziaro,
737 739 838 783 idest⁷
872 740 1063 785 splendore
1097 741 1226 785 lucido‚

53 800 111 833 elce
137 800 174 834 (Ιὶ
199 800 241 834 lei
268 796 371 834 uscia.
401 800 443 834 Et
471 799 526 834 hic
554 805 637 835 nota
662 799 761 844 quod
788 803 894 844 poeta
923 801 1053 836 merito
1072 801 1132 836 dat
1154 801 1227 836 istis

53 859 276 905 singularem
297 859 500 895 claritatem
521 862 555 895 et
574 859 746 903 laetitiam,
767 859 852 904 quia
872 861 1073 895 Mercurius
1093 864 1146 896 est
1165 863 1225 906 qui

53 919 136 955 facit
155 919 321 955 homines
339 920 488 964 activos,
508 930 669 965 sagace5‚
685 920 917 964 eloquentes:
937 921 1145 966 eloquentia
1161 932 1227 956 au-

51 983 125 1015 tem
154 983 208 1015 est
235 990 293 1015 res
313 979 497 1024 mirabilis,
518 979 563 1015 de
581 990 653 1024 qua
676 979 759 1014 dicit
782 980 931 1025 Tullius7
952 981 1049 1025 quod
1070 981 1153 1016 nihil
1174 981 1227 1016 vi—

49 1040 158 1075 detur
186 1041 317 1075 melius
344 1051 455 1086 quam
484 1050 589 1086 posse
611 1039 762 1075 dicendo
784 1044 909 1075 tenere
933 1041 1123 1076 hominum
1146 1045 1225 1077 tur-

48 1100 124 1145 bas,
153 1104 294 1136 mentes
321 1101 478 1145 allicere⁷
507 1101 712 1136 voluntates
745 1111 946 1146 provocare
974 1105 1010 1136 et
1038 1111 1223 1137 revocare.

48 1161 140 1203 Quid
168 1165 242 1196 tam
273 1162 406 1207 regale,
426 1164 500 1196 tam
527 1161 689 1205 liberale,
709 1171 820 1206 quam
842 1161 929 1196 dare
949 1161 1116 1206 salutem,
1137 1161 1225 1196 libe-

50 1231 133 1256 rare
160 1221 339 1267 periculis,
370 1221 527 1257 retinere
555 1221 720 1256 homines
748 1221 782 1255 in
811 1221 978 1256 civitate?
1006 1221 1100 1267 Ergo
1130 1222 1223 1257 hene

48 1281 151 1316 dicit:
185 1281 265 1326 quis
298 1291 370 1316 non
402 1285 556 1316 conetur
582 1280 833 1316 *antecellere
866 1281 1072 1316 hominibus
1108 1281 1142 1316 in
1179 1291 1223 1317 eo

48 1340 209 1376 maxime
237 1341 272 1375 in
300 1351 373 1385 quo
400 1341 565 1375 homines
594 1340 718 1375 studiis
736 1336 770 1384 (2)
795 1341 1018 1386 prtevalent?
1038 1341 1118 1386 quis
1136 1341 1223 1376 hor-

47 1401 148 1436 tari*
168 1396 203 1445 (³)
233 1401 276 1436 ad
305 1401 478 1435 virtutem
505 1400 716 1436 ardentius?
740 1400 821 1445 quis
847 1411 867 1435 a
896 1401 988 1436 vitiis
1014 1401 1136 1436 acrius
1164 1411 1222 1436 re-

46 1471 179 1496 vocare
206 1464 286 1503 ete,
319 1460 488 1495 mirificas
522 1460 647 1495 laudes
683 1460 901 1505 eloquentiae
937 1461 1050 1506 tangit
1085 1460 1222 1496 Tullius

44 1520 163 1566 primo
191 1519 235 1555 de
261 1520 427 1564 Oratore,
445 1523 480 1555 et
499 1519 724 1565 Augustinus
752 1520 843 1555 libro
870 1520 915 1556 de
941 1521 1104 1556 doctrina
1126 1521 1222 1556 chri-

45 1580 373 1615 suana—Pensa.
403 1580 506 1614 Nunc
538 1583 645 1615 autor
679 1579 955 1615 introducturus
991 1591 1107 1615 unum
1140 1581 1222 1615 illu-

44 1640 260 1675 strissimum
290 1644 326 1676 et
357 1640 676 1686 praeclarissimum
710 1640 877 1686 spiritum
909 1641 954 1676 de
988 1651 1094 1686 spera
1126 1641 1220 1676 Mer-

43 1700 145 1744 curii,
182 1700 332 1735 intendit
364 1700 484 1735 facere
514 1700 720 1735 auditorem
756 1700 904 1735 avidum
940 1704 976 1736 et
1011 1704 1218 1744 attentum3

43 1760 169 1805 pulcre
196 1764 232 1795 et
249 1760 442 1795 artificiose
461 1760 647 1805 suspendit
664 1760 829 1795 animum
853 1761 1006 1807 legentis
1024 1760 1218 1796 ostendens

42 1819 231 1855 ardentem
260 1819 488 1855 affectionem
517 1830 627 1864 quam
658 1820 813 1856 habebat
841 1821 973 1856 sciendi
997 1821 1042 1856 de
1061 1821 1127 1855 illis
1146 1821 1218 1866 spi-

42 1879 182 1924 ritibus7
210 1882 246 1914 et
272 1879 450 1915 convertit
477 1890 685 1915 sermonem
712 1891 821 1915 suum
850 1881 895 1915 ad
922 1881 1142 1924 auditorem,
1163 1880 1217 1915 di—

42 1949 146 1974 cens:
177 1942 302 1981 Pensa,
330 1940 440 1983 lellor,
470 1950 506 1972 se
532 1940 609 1982 quel
639 1940 697 1973 che
727 1941 784 1983 qui
816 1942 976 1983 s’c'nizz'a,
1018 1940 1115 1985 quod
1138 1940 1214 1984 J‘am

42 1999 185 2034 videtur
213 1999 272 2033 tibi
301 2009 380 2034 csse
408 1998 493 2043 quid
521 2009 696 2044 magnum
716 1999 761 2034 de
780 2010 853 2044 quo
872 2000 994 2035 dicere
1016 1999 1119 2045 coepi,
1146 2010 1215 2034 non

37 2060 252 2103 procedesse,
283 2059 448 2103 ulterius,
476 2069 571 2093 come
597 2062 631 2093 ln
662 2061 791 2093 avresli
820 2061 1028 2103 anyoscz'osa
1062 2061 1211 2104 carebia,

40 2119 141 2162 idest,
167 2119 414 2165 angustiosam
443 2119 682 2154 caritudinem
712 2119 747 2154 in
775 2123 907 2165 mente,
932 2121 967 2154 dt·
988 2118 1049 2164 pist
1075 2131 1212 2164 sapere,

39 2189 149 2224 quam
178 2179 371 2224 audiveris,
395 2179 479 2224 quia
500 2179 583 2213 nihil
608 2178 710 2224 quasi
729 2179 813 2224 (lixi,
833 2179 925 2215 sicut
943 2180 1059 2226 gratia
1083 2190 1209 2215 exem—

101 2272 128 2301 (¹)
148 2273 175 2296 E.
194 2273 290 2296 dicunt.
543 2271 570 2301 (²)
588 2275 609 2301 4,
628 2273 721 2296 hestiis.

101 2310 128 2340 (¹)
145 2311 179 2333 Le
197 2311 284 2340 parole
302 2310 341 2334 fra
359 2311 366 2334 i
383 2311 433 2334 duc
451 2311 582 2334 asterischi
600 2318 645 2334 son
663 2311 773 2341 supplite
790 2313 828 2336 dai
846 2312 931 2336 Codici
954 2315 963 2336 'a
981 2319 995 2336 e
1015 2313 1127 2337 Esiense.
