1737 2836
354 222 490 247 CANrus
517 221 708 247 VIGESIMUS
735 220 927 246 SECUNDUS.
1178 212 1222 244 23

55 297 274 339 adverterat,
303 295 387 340 quia
415 295 534 330 fuerat
560 294 704 329 locutus
731 303 815 328 cum
835 292 947 327 Statio
967 291 1225 327 facundissimo

56 360 130 392 tam
158 355 428 398 delectabiliter,
456 357 491 388 et
518 353 602 398 quia
631 363 760 398 parum
789 351 966 387 laboravit
985 351 1115 386 morbo
1137 360 1226 385 ava—

57 416 148 451 ritiae
169 419 205 450 et
224 413 492 460 prodigalitatis,
511 423 533 448 a
556 422 630 457 quo
654 412 799 456 recedit,
820 416 855 447 et
875 412 994 446 minus
1013 411 1098 446 vitio
1118 411 1225 456 gulae,

55 475 101 511 ad
133 474 229 520 quod
265 483 361 508 nunc
392 472 539 508 accedit.
574 472 677 506 Nunc
709 471 753 505 ad
790 471 951 515 literam,
986 471 1069 505 dicit
1102 473 1226 515 poeta:

58 536 220 579 L’anyel,
255 534 300 569 de
331 543 404 578 quo
432 533 515 567 nihil
543 532 661 566 adhuc
688 531 787 575 dixit,
816 531 876 565 sed
907 541 1003 566 nunc
1030 531 1114 565 dicit
1140 530 1229 565 arti-

59 595 221 630 ficialiter
240 593 448 631 breviando,
466 587 525 636 yid
544 602 606 626 era
624 593 758 626 rimaso
779 591 889 625 (lieo-0
908 601 930 624 a
949 592 1020 633 noi,
1044 591 1079 625 in
1099 590 1226 635 quinto

58 654 220 698 circulo,
262 656 297 688 et
337 652 489 698 repetit:
526 652 673 695 l'anyel,
700 650 791 694 dico,
823 651 881 684 elce
907 651 1044 683 ηἀυθα
1083 651 1163 684 volti
1193 651 1230 685 al

57 718 145 749 sesto
171 716 263 757 giro,
290 713 519 760 gulosorum,
546 712 730 747 avemlome'
757 720 857 752 raso,
885 709 984 755 prius
1011 720 1122 754 quam
1150 710 1229 745 vol—

58 777 161 809 veret
187 784 262 818 nos,
290 784 335 807 wz
362 774 473 816 colpo,
492 772 592 816 idest,
612 771 744 806 vulnus
767 769 933 813 mortale,
953 769 1098 813 scilicet,
1122 769 1230 814 quin-

59 837 136 868 tum
166 837 367 878 peccatum,
395 834 456 867 dal
479 834 563 875 viso,
583 831 727 874 scilieet,
746 841 767 865 a
796 830 923 864 fronte.
945 829 987 863 Et
1009 828 1127 863 suddit
1145 839 1232 875 gra—

60 893 272 928 tulationem
305 893 461 927 aliorum
498 891 704 937 spirituum,
739 890 879 924 dicens:
913 900 930 923 e
963 890 1050 933 quei,
1084 888 1229 931 scilicet,

59 953 192 988 animae
222 962 419 987 avarorum
454 951 515 996 qui
540 948 574 994 U)
610 953 863 985 remanserant
897 949 931 983 in
966 948 1093 993 quinto
1126 958 1230 994 gyro,

61 1014 110 1047 rlz'
124 1014 241 1047 Ιιαηηο
269 1014 324 1046 lor
350 1013 459 1046 disiro
478 1022 499 1045 α
517 1011 690 1054 9ίη3ῐὶεῖα,
710 1009 810 1053 idest,
830 1009 875 1043 ad
895 1008 1169 1054 Justificandum
1194 1018 1232 1043 se

63 1083 128 1118 per
156 1071 423 1118 purgationem,
446 1072 534 1105 dello
553 1071 597 1104 m’
612 1080 724 1103 avenn
751 1069 839 1103 beati
849 1081 862 1113 ,·
882 1068 958 1102 vult
985 1068 1106 1103 dicere
1133 1067 1230 1112 quod

62 1132 230 1167 dixerant
257 1131 342 1165 illud
370 1131 505 1166 dictum
525 1129 678 1165 Mattliaei
697 1129 725 1163 V
747 1128 921 1174 capitulo:
953 1129 1048 1162 Beati
1074 1129 1132 1171 qm?
1157 1138 1233 1161 esn-

62 1193 157 1226 rz'zmt
181 1194 213 1225 et
236 1192 353 1224 sitiunt
368 1190 554 1233 justiliam,
574 1191 736 1233 quoniam
756 1189 822 1232 ipsi
845 1188 1109 1230 saturabnntm·,
1129 1191 1164 1222 et
1186 1187 1231 1221 ita

63 1250 221 1286 infelices
249 1249 311 1294 qui
339 1249 506 1284 esuriunt
525 1253 560 1284 et
578 1248 702 1283 sitiunt
721 1246 739 1266 '¹‘
754 1247 967 1293 pecuniam3
991 1251 1026 1282 et
1048 1246 1148 1281 dicit:
1175 1247 1234 1280 che

62 1320 121 1344 sue
148 1311 221 1344 voci
243 1310 384 1354 sorniro
411 1305 476 1351 cio,
504 1307 648 1351 scilicet,
668 1308 736 1341 hoe
764 1307 939 1342 verbum:
968 1307 1057 1341 beati
1082 1316 1158 1340 cum
1184 1307 1233 1340 si-

64 1371 171 1414 liunt,-
190 1369 289 1413 idest,
305 1368 512 1413 simpliciter
527 1378 612 1402 cum
634 1367 701 1401 hoc
720 1366 832 1401 verbo
850 1368 940 1410 sitio,
957 1365 1043 1410 quia
1061 1365 1233 1400 dixerunt

63 1428 303 1472 solummodo,
332 1429 420 1462 beate?
446 1429 503 1471 qui
520 1426 665 1461 siliunt*
684 1422 730 1470 ἒ).
750 1426 815 1460 ΑΙίἰ
836 1429 957 1460 tamen
984 1425 1150 1460 subtilius
1169 1434 1234 1459 ex-

63 1492 236 1534 ponentes
267 1488 402 1532 dicunt,
430 1487 527 1532 quod
554 1486 600 1521 illi
628 1485 774 1531 spiritus
807 1485 994 1520 dixerunt:
1026 1485 1122 1519 Beati
1147 1494 1234 1528 quo-

65 1559 142 1583 rum
168 1549 321 1582 remissae
354 1551 434 1582 szmt
466 1548 659 1591 ¹iniquitates
693 1549 724 1580 et
749 1555 896 1589 quorum
930 1548 1015 1579 tecta
1051 1548 1130 1578 sunl
1150 1554 1232 1588 pec—

64 1611 154 1642 cata.
182 1608 224 1642 Et
246 1608 313 1642 hoc
333 1611 480 1653 propter
498 1607 650 1642 Dantem
671 1608 705 1640 et
724 1605 890 1649 Statium,
911 1605 972 1650 qui
992 1607 1096 1639 erant
1114 1614 1232 1649 nuper

64 1667 230 1711 absoluti,
249 1667 342 1702 alter
368 1667 414 1701 ab
441 1665 604 1710 avaritia,
627 1665 719 1700 alter
745 1676 766 1700 a
794 1664 1064 1710 prodigalitate:
1085 1667 1121 1699 et
1139 1663 1236 1698 dice—

66 1726 152 1761 bant
185 1726 219 1760 in
253 1726 334 1770 fine,
368 1727 458 1767 sitio,
485 1725 581 1770 quia,
609 1724 701 1759 sicut
729 1724 890 1759 Christus
919 1724 953 1758 in
981 1733 1088 1769 poena
1116 1722 1235 1757 crucis

65 1785 153 1820 dixit
179 1785 274 1820 istud
302 1785 456 1820 verbum
484 1787 574 1827 είίίο,
601 1784 750 1830 cupiens
777 1784 919 1819 salvare
943 1784 1147 1818 humanum
1169 1792 1235 1828 ge-

68 1856 146 1889 nus,
175 1845 222 1880 ita
249 1845 304 1879 isti
332 1844 439 1879 adfixi
467 1848 577 1879 terrae
604 1844 639 1878 in
666 1854 733 1878 suo
760 1843 926 1878 cruciatu
954 1843 1123 1877 dixerunt
1145 1843 1235 1884 sitio,

66 1905 210 1948 scilicet,
244 1904 395 1948 salvari3
431 1904 492 1939 sed
526 1903 624 1948 prior
655 1903 831 1948 expositio
867 1902 982 1948 magis
1014 1901 1156 1936 videtur
1191 1900 1236 1935 de

68 1967 190 1999 mente
216 1963 365 1998 autoris.
394 1964 435 1997 Et
462 1962 581 1997 subdit
607 1962 778 1997 effectum
812 1971 888 1996 suae
920 1960 1154 2007 purgationis,
1183 1959 1236 1994 di—

68 2033 171 2059 cens:
199 2027 230 2057 et
254 2025 287 2057 io
309 2020 370 2067 Ρὶὰ
397 2024 479 2057 [teve
504 2023 563 2056 che
585 2032 651 2066 per
678 2023 796 2055 l’allre
818 2023 901 2066 soci,
930 2021 1029 2065 idest,
1052 2020 1141 2055 alios
1168 2019 1236 2054 cir-

69 2083 181 2127 culos,
213 2085 248 2117 et
284 2082 426 2126 merito,
459 2082 543 2127 quia
576 2081 794 2126 deposuerat
827 2081 989 2126 quinque
1023 2079 1237 2127 gravissima

71 2141 229 2188 pondera
263 2152 283 2176 a
316 2141 432 2186 capite
465 2151 547 2183 suo,
582 2144 618 2176 et
652 2140 836 2176 restabant
875 2140 940 2175 sibi
980 2140 1053 2175 duo
1089 2139 1237 2182 leviora,

143 2232 158 2260 ¹)
177 2232 206 2254 E.
224 2238 289 2261 qnae.
1143 2207 1199 2208 j

133 2234 139 2253 (

134 2254 159 2298 ξ’)
177 2270 211 2292 Le
229 2269 316 2299 parole
333 2269 372 2293 fra
389 2270 395 2293 i
414 2269 462 2293 duc
480 2269 612 2292 asterischi
630 2275 674 2292 son
693 2269 802 2298 supplile
820 2269 860 2292 dai
877 2268 962 2292 Codici
981 2268 1010 2291 Ε.
1028 2275 1041 2291 e
1061 2270 1113 2291 117.
