1737 2836
372 230 510 256 CANTUS
535 231 724 256 VIGESIMUS
750 230 908 256 TERTIUS.
1164 224 1206 254 61

40 303 101 338 ben
119 313 248 347 operar
267 299 287 337 e*
297 300 357 348 piz'c
374 304 507 345 selecta,
527 302 563 336 in
582 302 697 347 patria
717 305 851 346 nostra,
871 301 907 337 in
934 312 1006 347 qua
1034 301 1209 336 mulieres

40 362 145 398 nimis
164 372 257 398 vane
275 364 484 408 operantur.
513 361 554 395 Et
582 361 773 396 confirmat
792 361 889 407 quod
908 361 996 396 dixit
1014 361 1059 396 de
1078 360 1211 395 mulie-

39 423 139 458 ribus
154 422 350 458 florentinis
365 432 429 467 per
444 421 756 467 comparationem
776 421 820 456 ad
841 421 1017 466 quasdam
1034 421 1206 456 mulieres

38 483 226 527 barbaras,
261 491 344 527 quae
375 481 545 516 dicuntur
585 490 665 516 esse
705 480 740 515 in
776 481 950 526 Sardinia,
986 481 1062 516 sine
1092 480 1210 526 pudo-

40 553 92 587 re,
119 546 154 578 et
181 542 257 577 sine
284 541 407 576 habitu
435 540 538 576 civili.
567 540 657 575 Dicit
683 550 789 586 ergo:
818 541 876 574 clze
902 542 937 575 la
964 541 1146 584 Barbaffl'cz
1173 541 1209 574 dc·

40 603 239 646 Sarclifflzc15
266 602 455 636 Montanea
488 603 543 636 est
568 599 741 634 altissima
769 599 804 633 in
832 599 948 634 insula
975 599 1045 644 illa,
1073 600 1108 634 in
1135 609 1207 644 qua

39 661 174 696 habitat
201 670 288 707 gens
308 660 479 696 silvestris
498 659 574 695 sine
592 660 684 705 lege,
704 659 781 694 sine
802 658 977 704 religione
996 668 1102 693 vera:
1123 667 1206 702 quae

38 721 169 757 dicitur
205 720 422 756 remansisse
462 720 521 764 ibi,
548 719 694 764 quando
734 718 849 754 insula
891 718 956 753 fuit
992 720 1208 763 recuperata

39 781 84 816 de
122 780 289 816 manibus
329 780 574 815 barbarorum
610 779 654 814 de
688 778 818 823 Africa,
847 788 1006 823 quorum
1035 777 1207 812 mulieres

40 843 123 876 sunt
155 839 260 874 nimis
295 839 444 874 lubricae
479 842 514 874 et
547 838 748 884 impudicae,
783 837 1074 883 permittentibus
1110 836 1206 871 viris.

39 900 130 934 Nam
159 910 224 945 pro
256 900 377 934 calore
409 901 443 934 et
478 909 591 944 prava
619 897 882 933 cousuetudine
908 897 1045 932 vadunt
1071 896 1205 931 indutae

38 970 158 1007 panno
186 960 280 994 lineo
311 959 404 1003 albo,
433 959 620 993 excollatae
648 958 708 1002 ita,
737 961 775 992 ut
802 957 993 993 ostendant
1020 959 1145 1002 pectus
1172 959 1207 991 et

38 1020 175 1064 ubera;
198 1023 233 1054 et
261 1022 359 1054 recte
387 1028 490 1053 more
517 1017 807 1061 florentinarum,
828 1017 918 1061 talis,
937 1016 1098 1061 inquam,
1118 1016 1207 1051 Bar—

39 1080 156 1126 bagia,
185 1078 204 1114 e*
228 1080 324 1113 assai
345 1076 407 1123 pise
429 1079 557 1122 pudica
586 1088 626 1112 ne
645 1079 674 1112 le
689 1078 850 1122 feminine
871 1087 943 1119 sue,
962 1076 1065 1121 quasi
1093 1076 1206 1110 dicat:

40 1140 160 1175 minus
180 1138 373 1184 impudica,
388 1138 446 1172 che
461 1139 495 1171 [α
511 1137 707 1181 Barbaffl‘a,
727 1137 872 1181 seilicet,
888 1136 1079 1180 Florentia,
1096 1145 1205 1180 quam

40 1199 256 1245 Barbagiam
285 1198 437 1233 alteram
466 1200 582 1241 vocat,
611 1198 689 1231 dov’
706 1198 738 1230 io
767 1198 800 1230 la
834 1197 965 1230 lasciai.
982 1216 1030 1220 --
1049 1197 1077 1230 O
1103 1196 1207 1229 dolce.

39 1259 102 1293 Hic
129 1257 298 1293 Foresius
324 1256 477 1292 ostendit
497 1256 594 1301 quod
612 1256 657 1291 ad
676 1266 809 1291 vanam
829 1255 1050 1301 voluptatem
1068 1252 1103 1298 Ο)
1125 1265 1208 1289 mu-

39 1318 171 1354 lierum
205 1317 480 1352 florentiuarum
508 1316 584 1361 jam
617 1318 742 1361 parata
777 1318 830 1350 est
861 1314 981 1350 debita
1014 1314 1207 1360 disciplina,

40 1389 151 1424 quam
188 1376 407 1423 praenuntiat
441 1376 501 1420 eis,
530 1375 652 1410 dicens
682 1375 805 1409 Danti:
839 1377 868 1410 O
893 1376 989 1410 dolce
1012 1377 1118 1419 frate,
1150 1375 1208 1408 elce

41 1439 119 1473 vum*
145 1441 178 1472 ίιι
205 1438 254 1471 clc’
270 1438 302 1471 io
329 1437 433 1471 dica?
463 1435 508 1471 de
536 1435 749 1471 mulieribus
778 1435 919 1479 nostris,
941 1438 1050 1478 tempo
1074 1435 1208 1478 saturo,

40 1499 74 1533 in
103 1497 216 1541 brevi,
244 1495 321 1531 m'e‘
344 1491 403 1539 yid
431 1497 486 1530 nel
511 1499 670 1539 cospetto,
694 1495 794 1539 idest,
824 1498 877 1529 est
905 1494 990 1529 mihi
1013 1495 1090 1540 Jam
1112 1504 1206 1539 prae-

40 1568 132 1603 sens,
165 1557 249 1602 quia
278 1557 354 1602 Jam
389 1556 514 1591 videor
550 1555 684 1599 videre,
719 1556 774 1589 θαι·
805 1564 875 1588 non
908 1549 989 1588 serf}
1025 1555 1207 1597 quesc'ora

40 1618 143 1652 mollo
179 1618 306 1659 anlz'ca,
341 1615 443 1661 quasi
479 1615 592 1650 dicat:
627 1624 698 1649 non
730 1614 888 1648 multum
922 1614 1029 1659 longe
1063 1613 1108 1648 ab
1143 1614 1208 1648 ho—

40 1677 164 1712 dierna
191 1676 247 1711 die
267 1678 301 1711 et
320 1674 487 1721 praesenti
515 1675 616 1718 hora,
635 1675 692 1708 nel
717 1674 801 1717 qual
813 1674 857 1717 fie
875 1674 1053 1707 inlerdelco
1074 1674 1108 1707 in
1123 1683 1209 1717 per—

40 1746 157 1780 yczmo,
178 1735 277 1779 idest,
299 1735 333 1769 in
355 1744 428 1779 quo
449 1737 613 1779 tempore
632 1733 816 1768 vetabitur
836 1732 979 1778 publice
1001 1732 1035 1766 in
1061 1732 1208 1778 pulpito,

42 1797 108 1830 alle
133 1796 292 1840 sfaccz'ale
319 1795 431 1828 donne
455 1794 648 1837 florentine,
675 1803 758 1837 quae
786 1792 862 1827 sine
889 1791 1019 1836 fronte,
1038 1792 1114 1827 siue
1141 1803 1209 1837 pu-

42 1855 130 1890 dore
170 1865 241 1889 nou
279 1854 405 1888 timent
444 1852 717 1896 verecundiam,
754 1853 907 1886 l'andar
945 1853 1148 1886 mostrcmclo
1188 1853 1212 1885 il

43 1918 132 1959 petto
159 1924 221 1948 con
250 1914 278 1947 le
299 1923 425 1957 poppe,
447 1911 547 1956 idest,
568 1911 736 1946 mamillis
764 1921 846 1955 quae
865 1913 947 1944 sunt
969 1910 1207 1954 occultabilia,

43 1985 109 2009 nec
135 1973 267 2009 debent
294 1972 432 2007 ostendi
461 1971 525 2005 nisi
554 1970 714 2017 legitimo
742 1970 831 2005 viro.
860 1970 902 2004 Et
928 1969 1080 2004 ostendit
1110 1969 1207 2014 quod

42 2034 92 2069 sic
118 2033 260 2079 expedit
277 2028 311 2076 ἒ)
341 2032 391 2067 eis
419 2034 566 2077 propter
595 2030 741 2065 nimiam
775 2029 1035 2074 impudentiam
1068 2039 1208 2064 earum.

44 2093 143 2129 Unde
161 2093 244 2128 dicit
262 2091 544 2137 interrogative:
566 2091 648 2134 quaa·
667 2090 832 2132 barbare,
860 2090 942 2132 quai
965 2090 1126 2123 saraciae
1149 2090 1210 2132 sm·

46 2154 142 2187 mai?
175 2151 277 2197 quasi
311 2151 427 2186 dicat:
469 2159 671 2194 numquam
711 2149 767 2183 vel
803 2158 996 2193 nusquam,
1029 2149 1082 2182 cui
1118 2148 1208 2181 biso-

107 2283 133 2311 (¹)
151 2282 180 2305 E.
198 2282 364 2305 voluntatem.
713 2278 738 2308 (²)
759 2281 809 2307 117,
827 2279 943 2309 expediat
959 2278 1003 2301 eis.
