1737 2836
520 203 657 229 cANTrs
683 204 853 230 OCTAVUS.
1205 201 1274 232 497

98 288 141 313 ex
172 278 251 322 hoc,
274 274 404 322 perche*
428 280 648 322 quancunque
675 281 791 321 questo
818 288 904 312 arco
921 281 1044 323 saeua,
1066 278 1158 314 idest
1176 278 1276 324 quic-

98 338 185 384 quid
213 338 348 373 coelum
377 337 498 384 dirigit
525 337 661 372 virtute
689 348 768 383 sua,
790 339 875 373 eade
901 339 1053 383 disposto
1081 349 1104 373 α
1124 349 1279 384 provve-

99 400 180 434 duco
203 400 294 444 fine,·
314 398 411 434 unde
430 397 513 432 nihil
538 401 591 432 est
609 397 747 433 bonum
770 398 836 433 nisi
858 408 924 444 per
946 409 1097 434 causam
1120 399 1277 444 finalem,

99 459 192 495 sicut
220 470 280 494 ars
309 457 529 494 medicinalis
556 457 601 492 ad
628 457 834 503 sanitatem,
854 461 889 494 et
908 458 1073 494 militaris
1091 459 1136 494 ad
1163 459 1279 495 victo-

99 519 203 564 riam,
220 530 240 554 a
260 518 377 564 simili7
396 514 424 553 st
442 528 537 552 come
554 528 656 552 coeca
673 519 707 552 in
727 528 790 553 suo
808 528 915 562 scyno
933 519 1072 563 (ἱίνείία,
1087 529 1170 564 quae
1189 518 1278 554 dila—

99 582 197 614 tatur
225 579 305 625 plus
332 581 367 614 et
387 578 507 612 minus
529 577 731 613 secundum
752 577 949 623 potentiam
971 582 1113 614 naturae
1127 589 1214 614 suae.
1230 598 1278 603 —

99 641 142 674 Se
155 635 217 674 σι’ὸ.
234 639 297 674 Hic
312 638 463 674 Carolus
483 638 611 684 probat
630 637 860 684 praemissum
880 638 1097 684 principium
1113 648 1178 684 per
1196 639 1278 683 hoc,

99 699 197 745 quod
225 699 292 735 isto
319 699 504 735 destructo
536 702 756 744 sequeretur
789 698 987 734 destructio
1022 702 1057 734 et
1090 698 1278 744 perversio

99 760 259 795 universi
276 756 326 804 {¹J·;
349 759 446 795 unde
467 758 565 794 dicit:
589 760 632 794 Se
650 754 702 793 σίὸ
725 769 796 793 non
816 761 923 804 fosse,
942 762 1165 804 sequeretur
1184 758 1278 794 istud

99 820 369 865 inconveniens7
393 821 417 855 il
437 821 500 854 ciel
516 821 574 854 che
593 822 627 854 tu
646 821 829 863 σαῑηηιῖηθ,
850 819 950 865 idest,
977 829 1041 864 per
1061 819 1158 865 quod
1178 819 1278 854 vadis

101 881 307 916 mentaliter
334 879 615 925 contemplando
644 879 822 915 mirabilia
849 890 961 925 opera
989 879 1079 924 eius⁷
1102 880 1277 924 produce-

99 941 200 975 rebbe
225 937 252 975 s}
280 942 304 975 lzss
329 942 404 975 suoi
430 942 542 985 effelli,
562 941 620 975 che
644 950 713 974 non
731 940 896 974 sarebher
923 941 994 974 arti
1020 950 1078 974 ma
1105 941 1213 974 ruine.
1234 940 1278 974 Et

100 1001 230 1047 probat
258 1001 325 1036 hoc
353 1011 432 1036 esse
459 999 679 1045 impossibile
708 999 848 1034 ratione
875 999 1174 1045 demonstrativa,
1193 999 1277 1045 quia

102 1061 147 1096 ad
176 1061 247 1097 tale
276 1071 452 1107 magnum
472 1059 731 1095 inconveniens
750 1062 969 1104 sequeretur
987 1058 1085 1094 aliud
1105 1059 1223 1094 maius
1244 1064 1280 1095 et

99 1120 197 1156 aliud
227 1120 443 1155 maximum.
472 1119 573 1154 Unde
600 1118 683 1154 dicit
699 1131 706 1153 :
730 1129 747 1153 e
765 1117 817 1153 cio
835 1129 927 1153 esser
945 1129 1015 1153 non
1028 1114 1101 1163 pud
1118 1129 1154 1153 se
1171 1120 1280 1162 ql’in-

100 1182 223 1224 tellelte',
252 1181 342 1216 idest
370 1179 627 1226 intelligentiae,
655 1180 712 1214 che
739 1189 888 1214 nmovon
915 1183 1027 1224 queste
1059 1180 1162 1223 stelle,
1190 1179 1280 1214 idest

101 1241 209 1277 orbes
246 1241 475 1287 planetarum
510 1242 545 1275 et
579 1239 779 1285 stellarum,
813 1250 884 1274 non
914 1250 978 1274 son
1013 1240 1162 1282 manem,
1189 1238 1279 1275 idest

100 1300 278 1346 defectivi,
307 1311 324 1335 e
351 1310 475 1334 manco
501 1301 527 1334 ἱ]
548 1301 680 1344 prime,
702 1299 836 1335 scilicet
854 1300 964 1344 Deus,
983 1299 1046 1344 qui
1066 1302 1119 1334 est
1139 1299 1278 1345 primus

100 1361 304 1396 intellectus
332 1363 367 1395 et
394 1359 534 1405 primus
562 1362 694 1404 motor,
721 1361 779 1394 elce
805 1370 875 1394 non
893 1361 942 1403 ,qli
959 1360 1004 1394 Ιια
1017 1361 1169 1404 perfecti,
1191 1359 1280 1395 idest

101 1431 173 1456 non
201 1420 282 1456 fecit
309 1420 460 1466 angelos
487 1419 676 1465 perfectos,
697 1419 759 1464 qui
781 1422 906 1455 tamen
933 1423 1018 1454 sunt
1046 1419 1280 1465 perfectiores

100 1481 199 1516 omni
231 1484 413 1516 creatura.
449 1480 491 1514 Et
528 1480 612 1525 quia
650 1480 716 1515 hoc
752 1480 895 1515 videtur
927 1480 1011 1515 satis
1039 1479 1279 1524 declaratum,

100 1541 184 1577 dicit
211 1540 387 1576 Carolus:
416 1541 492 1574 vuo'
514 1544 548 1575 lec
575 1541 632 1575 elce
660 1544 776 1584 questo
810 1551 904 1584 vem,
934 1540 1034 1585 idest,
1063 1540 1279 1586 principium

100 1601 404 1645 demonstratum⁷
427 1598 490 1645 pisa
518 1602 542 1635 ti
566 1602 593 1635 ς’
609 1600 818 1636 immanem?
845 1600 946 1645 idest,
975 1601 1090 1647 magis
1117 1601 1281 1636 declare—

101 1664 162 1696 tur
190 1661 250 1696 tibi
278 1661 348 1696 alia
376 1660 544 1696 ratione?
578 1660 621 1695 Et
648 1660 748 1706 ponit
779 1660 1051 1706 responsionem
1081 1670 1199 1705 suam,
1227 1659 1281 1695 di-

101 1732 209 1757 cens:
238 1725 269 1755 et
294 1722 348 1755 io:
375 1721 512 1766 supple,
535 1720 619 1766 dixi,
640 1731 710 1755 non
737 1716 810 1764 yid,
829 1720 933 1766 quasi
952 1720 1058 1766 dicat,
1078 1724 1179 1756 certe
1198 1720 1280 1755 nolo

101 1781 209 1817 aliam
237 1780 503 1826 probationem,
536 1778 596 1815 che*
627 1781 833 1825 impossibile
865 1782 998 1824 veyyio,
1031 1780 1158 1826 supple
1189 1790 1280 1824 esse,

101 1842 161 1876 che
187 1842 222 1875 la
248 1843 377 1875 namra
396 1841 432 1874 in
451 1841 528 1884 quel
545 1836 622 1874 clt’e*
637 1851 727 1884 uopo
745 1841 892 1884 stanclei,
911 1840 1013 1884 idest,
1033 1839 1130 1884 quod
1149 1842 1280 1874 natura

102 1901 245 1937 deficiat
272 1901 308 1935 in
328 1900 540 1936 necessariis
560 1899 654 1935 sicut
672 1903 826 1935 testatur
846 1899 1078 1945 philosophus
1100 1899 1135 1933 in
1159 1898 1282 1934 multis

103 1961 199 1997 locis.
229 1961 271 1995 Et
298 1960 355 1995 hic
382 1964 467 1995 nota
495 1959 593 2005 quod
621 1963 754 1995 natura
788 1969 859 1994 non
893 1958 1012 1994 deficit
1043 1958 1078 1993 in
1114 1968 1281 1994 necessa-

105 2021 177 2066 riis,
205 2021 290 2065 quia
318 2020 414 2056 dedit
441 2019 577 2055 homini
599 2019 777 2054 rationem
798 2029 862 2064 per
883 2028 993 2064 quam
1017 2021 1134 2064 potest
1155 2019 1282 2064 acqui-

104 2090 189 2116 rere
216 2090 363 2116 omnem
392 2084 523 2124 artem,
543 2082 578 2115 et
601 2089 665 2125 per
684 2088 913 2124 consequens
935 2078 1058 2114 omnia
1078 2079 1281 2114 necessaria

104 2150 316 2187 procurare.
350 2140 392 2175 Et
428 2143 558 2174 natura
596 2149 786 2184 nunquam
820 2138 967 2183 fallitur,
1003 2138 1085 2174 licet
1116 2149 1188 2173 non
1220 2149 1282 2175 co—

167 2271 193 2300 (¹)
212 2271 241 2294 E.
259 2271 370 2294 universi
389 2271 495 2297 mundi:
514 2270 590 2293 unde.

241 2324 277 2345 1v.
1119 2322 1145 2342 32
