1737 2836
359 223 494 248 CANTUS
521 223 734 248 TRIGESIML'S
760 222 952 248 SECUNDUS.
1166 216 1235 246 265

63 298 147 342 pido
166 306 183 330 e
206 300 353 339 vagante
379 306 401 329 α
429 306 480 330 me
502 297 641 339 rieulse,
660 295 762 340 quasi
782 295 894 330 dicat:
919 295 1004 340 quia
1032 294 1237 329 Bonifacius

67 352 221 399 voluitl')
234 356 413 401 respicere
427 355 471 391 ad
487 359 634 401 gentem
656 355 824 399 italicam,
839 355 984 391 dimissa
998 355 1138 401 gallica,
1151 355 1237 399 quia

68 416 210 452 nolebat
232 416 387 461 amplius
407 415 477 461 pati
496 415 711 450 servitutem
731 415 1027 460 Philippi—Pol.
1048 415 1110 449 Hic
1130 418 1236 460 poeta

67 476 296 511 subannectit
327 475 423 510 aliud
458 475 647 519 damnum,
682 475 779 519 quod
807 475 916 519 paulo
943 478 1022 520 post
1050 475 1132 510 fecit
1163 475 1238 520 ipse

68 536 260 581 Philippus,
276 535 360 581 quia
376 545 460 570 cum
478 545 608 581 magna
625 534 752 569 fraude
772 535 1029 579 transportavit
1044 535 1235 570 ecclesiam

68 596 164 631 ultra
191 600 332 631 montes
360 596 395 630 in
421 595 585 640 Galliam,
606 595 666 630 ubi
689 598 812 640 postea
833 594 997 629 transivit
1015 595 1059 629 de
1082 595 1179 629 malo
1202 594 1237 629 in

68 656 181 701 peius,
204 656 296 690 sicut
315 656 419 701 plene
437 655 560 700 scripsi
579 654 736 700 capitulo
756 654 835 688 xlx
855 653 997 689 Inferni.
1019 653 1109 688 Dicit
1128 664 1236 700 ergo:

67 716 133 750 Poi
157 716 193 750 da·
218 716 360 759 dispello
383 717 499 759 pleno,
527 715 584 750 ille
611 714 711 761 gigas
739 714 869 749 timens
900 724 946 749 ne
973 713 1122 749 ecclesia
1154 723 1238 758 per-

67 775 208 810 veniret
235 775 389 820 amplius
415 775 459 809 ad
488 785 618 809 manus
645 774 793 810 alterius
813 773 995 817 Bonifacii,
1017 772 1079 818 qui
1103 773 1237 807 faceret

68 834 261 870 vindictam
283 834 327 870 de
346 845 401 879 eo,
416 846 433 869 e
448 836 479 869 cl'
495 837 550 869 ira
565 835 687 877 crudo,
703 834 802 878 idest,
818 833 974 869 crudelis
991 833 1055 877 ira,
1071 833 1157 878 quia
1173 842 1239 868 vo—

68 894 165 930 lebat
187 895 307 930 facere
331 895 524 930 vindictam
552 895 597 930 de
619 894 841 939 Templariis,
859 895 1016 928 disc-iolse
1043 894 1068 927 il
1093 896 1238 937 mostro,

67 954 167 999 idest,
195 965 346 990 currum
382 955 481 989 illum
517 958 790 989 monstruosum
823 954 869 989 ab
901 954 1035 989 arbore
1070 953 1129 988 cui
1161 955 1240 988 erat

66 1015 245 1061 alligatus⁷
272 1026 289 1049 e
316 1016 440 1049 trassel
461 1025 525 1058 per
557 1016 590 1049 [α
621 1016 729 1057 selva,
758 1024 829 1048 non
862 1024 926 1059 per
961 1013 1066 1048 istam
1099 1013 1238 1059 sylvam

67 1074 266 1110 delitiosam
295 1074 395 1109 istius
423 1074 566 1118 montis,
594 1073 656 1109 sed
684 1083 748 1119 per
775 1074 915 1119 sylvam
938 1073 1104 1108 vitiosam
1126 1083 1237 1117 quam

67 1133 251 1179 descripsit
278 1133 314 1168 in
340 1133 514 1179 principio
542 1133 691 1177 lnserni3
720 1137 815 1168 tamo
841 1134 900 1167 clze
925 1135 980 1167 sol
1004 1134 1040 1168 di
1067 1134 1122 1176 lei,
1145 1132 1239 1168 scili—

68 1197 134 1238 cet,
162 1194 274 1240 sylva,
302 1195 349 1228 mi
375 1196 446 1239 fece
471 1196 589 1238 sendo,
616 1194 719 1239 quasi
747 1194 852 1238 dicat,
880 1194 966 1239 quia
993 1194 1087 1229 inter
1115 1204 1174 1230 me
1201 1198 1236 1230 et

68 1257 271 1289 monstrum
300 1254 509 1299 interposita
536 1257 589 1289 est
616 1254 737 1299 sylva3
757 1264 840 1288 nam
862 1257 936 1289 tam
957 1264 977 1289 a
1000 1254 1107 1300 longe
1130 1253 1238 1289 traxit

67 1323 219 1348 currum
247 1313 345 1358 quod
371 1313 526 1359 amplius
554 1313 677 1348 videre
696 1324 767 1348 non
792 1317 969 1358 poteram,
990 1315 1062 1348 alla
1078 1317 1238 1358 pumma,

69 1373 213 1418 scilicet,
237 1373 460 1408 Bonifacium
481 1376 517 1408 et
536 1376 697 1417 caeteros,
717 1377 747 1407 et
773 1374 845 1407 alla
871 1383 987 1408 nuova
1006 1374 1117 1417 belva,
1137 1373 1238 1418 idest,

70 1432 220 1468 bestiam
249 1443 395 1477 novam,
422 1433 556 1468 scilicet
582 1443 734 1468 currum
764 1432 825 1478 qui
854 1433 971 1468 sactus
999 1436 1077 1468 erat
1105 1432 1241 1468 animal

70 1496 357 1537 monstruosum,
377 1493 462 1538 quia
491 1492 598 1527 traxit
621 1503 706 1528 eum
727 1503 837 1538 supra
861 1493 1077 1528 Rhodanum
1102 1493 1137 1527 in
1159 1492 1242 1528 Gal-

70 1553 166 1598 liam,
186 1553 269 1588 data
290 1553 354 1588 sibi
381 1552 450 1588 alia
479 1552 683 1597 meretrice,
706 1553 840 1588 scilicet
867 1557 1013 1599 pastore
1040 1553 1239 1588 Clemente.

132 1680 158 1711 (¹)
177 1681 206 1705 E.
223 1681 306 1705 noluit
324 1682 458 1712 respicere.
