1766 2856
527 233 591 264 150
883 239 1084 264 commum
1111 239 1330 265 PURGATonu

519 314 622 346 strue
649 311 716 346 sic:
746 312 819 345 [ιιιίί
851 314 902 344 tre
933 311 1067 354 allona,
1101 311 1244 355 scilicet,
1279 311 1460 357 Virgilius,
1494 313 1628 348 Statius
1660 317 1695 349 et

519 381 588 417 ego
615 371 759 414 Dantes,
789 373 886 414 tunc,
915 381 1084 405 θναιάηιο
1112 373 1184 414 tali,
1215 371 1292 407 redi
1319 382 1440 417 supra,
1461 375 1556 417 quali
1582 375 1611 408 le
1637 384 1696 408 ca-

515 441 581 475 pre
606 434 690 465 scale
717 431 841 474 rapide
868 441 885 464 e
908 434 1084 475 proterve,
1108 431 1208 476 idest,
1237 441 1386 477 rapaces
1413 435 1449 467 et
1476 432 1695 477 temerariae,

517 500 626 534 sopra
655 491 684 524 le
710 491 806 533 cime,
842 500 924 535 quae
959 491 1038 536 plus
1074 491 1216 536 placent
1249 491 1327 535 sibi,
1364 495 1490 526 ammte
1525 493 1584 527 che
1617 494 1696 527 sian

514 560 660 594 pranso,
688 549 790 594 idest,
812 553 1012 595 antequam
1035 550 1103 585 sint
1123 551 1261 595 cibatae,
1282 551 1367 595 quia
1388 554 1475 586 tunc
1494 555 1578 586 sunt
1597 551 1695 586 mul-

519 613 597 644 tum
625 610 741 645 avidae
769 613 804 645 et
832 620 994 654 voraces,
1013 612 1044 645 si
1066 613 1178 655 samio
1207 622 1338 654 manse,
1358 610 1460 656 idest,
1480 615 1693 657 mansuetae,

517 671 743 713 rmm'ncmclo,
758 670 860 714 idest,
878 670 1083 706 revocando
1098 671 1221 706 cibum
1240 681 1261 706 a
1281 672 1469 706 stomacho
1483 671 1528 706 ad
1543 675 1694 718 guttur,

517 740 648 775 caprae,
676 729 766 774 dico,
795 732 892 764 lacile
919 732 976 764 all'
992 731 1129 773 embra,
1150 735 1280 764 mentre
1298 732 1393 765 che'l
1417 733 1471 766 sol
1492 733 1603 776 serve,
1626 731 1695 767 sci-

517 789 611 834 licet,
639 789 734 824 circa
762 790 953 825 meridiem
988 790 1141 825 ardente
1174 791 1259 835 sole,
1287 792 1460 834 „qum-dale
1486 793 1549 826 dal
1568 796 1694 836 pastor

517 851 621 884 clee’n
649 860 689 883 su
716 851 750 883 Ia
780 860 887 892 verya
912 851 1079 893 poyytato
1105 846 1169 894 s’e‘,
1193 850 1296 894 quasi
1324 850 1436 885 dicat:
1457 851 1519 895 qui
1542 851 1694 896 quiescit

517 908 788 954 quiescentibus
816 909 901 954 illis3
932 909 1028 945 unde
1054 909 1155 945 dicit:
1176 921 1192 944 e
1211 911 1266 944 lor
1293 911 1330 945 (li
1352 921 1441 955 posa
1467 921 1587 956 serve;
1610 922 1694 957 quae

516 969 600 1004 satis
628 969 890 1004 laboraverunt
917 969 1076 1005 saliendo
1110 980 1218 1014 saxa;
1247 981 1264 1004 e
1297 972 1397 1014 quale
1430 972 1456 1005 il
1490 972 1693 1016 mandrian,

516 1028 617 1073 idest,
637 1032 771 1074 pastor,
794 1030 851 1063 che
869 1031 969 1074 fuori
986 1030 1144 1073 alberya,
1164 1029 1198 1064 in
1221 1030 1498 1075 campestribus,
1516 1034 1693 1075 pernocta,

517 1089 617 1134 idest,
638 1089 682 1124 de
709 1092 814 1124 nocte
842 1089 976 1136 vigilat,
997 1093 1094 1133 queso
1122 1091 1226 1133 lmzyo
1245 1091 1269 1124 ’l
1289 1091 1436 1134 peculio,
1455 1090 1556 1135 idest,
1580 1101 1693 1137 prope

516 1159 669 1196 gregem
700 1159 822 1192 suum,
851 1149 900 1184 Sic
927 1149 1062 1185 dictum
1092 1160 1113 1185 a
1141 1149 1341 1196 pecudibus
1360 1160 1446 1185 curn
1469 1151 1602 1195 quibus
1629 1161 1693 1196 pa—

517 1212 592 1244 stor
619 1219 713 1254 saepe
741 1209 850 1245 habet
877 1209 1015 1254 aliquot
1042 1220 1180 1255 capras,
1199 1211 1415 1254 qum-dando
1440 1209 1566 1255 perche*
1587 1212 1692 1255 fiera,

517 1269 609 1305 sicut
638 1270 755 1315 lupus,
784 1280 852 1304 non
882 1271 914 1304 lo
941 1280 1081 1314 sperya,
1111 1270 1210 1315 idest,
1238 1270 1431 1317 dispergat.
1464 1270 1601 1306 Deinde
1628 1270 1692 1306 de-

517 1330 631 1365 clarat
658 1329 818 1374 aliquam
856 1332 996 1374 partem
1033 1329 1325 1375 comparationis,
1364 1330 1517 1365 reddens
1548 1330 1691 1376 singula

517 1390 677 1436 singulis,
700 1393 738 1424 ut
762 1389 900 1425 facilius
919 1389 1034 1425 lector
1054 1389 1163 1434 possit
1181 1389 1354 1435 adaptare
1379 1389 1689 1435 comparationem

516 1460 588 1485 nou
616 1450 709 1485 bene
736 1450 886 1485 claram.
915 1449 1015 1485 Unde
1042 1449 1144 1484 dicit:
1174 1452 1206 1484 io
1232 1460 1327 1484 come
1346 1460 1471 1494 capra,
1492 1449 1540 1485 ita
1559 1453 1692 1485 acutus

515 1513 550 1545 et
587 1513 778 1555 promptus
820 1510 944 1544 volens
983 1509 1242 1545 transcendere
1277 1520 1455 1545 cacumen
1488 1509 1620 1545 montis
1657 1512 1692 1544 et

516 1569 808 1614 superexcellere
836 1572 1099 1614 praeceptorem
1137 1579 1263 1604 meum
1298 1569 1486 1615 Virgilium
1525 1573 1561 1604 et
1596 1569 1691 1604 illius

515 1628 735 1664 imitatorem
764 1628 938 1672 Statium,
971 1632 1001 1662 ec
1031 1629 1073 1671 ei,
1102 1628 1246 1672 scilicet,
1275 1628 1444 1674 Virgilius
1477 1632 1512 1663 et
1544 1628 1691 1673 Statius,

514 1699 609 1723 come
630 1690 781 1733 pastori,
803 1692 992 1733 tamquam
1015 1687 1088 1722 duo
1108 1688 1230 1734 magni
1254 1692 1429 1733 pastores,
1452 1688 1554 1733 idest,
1574 1691 1691 1734 poetae

514 1748 663 1793 antiqui.
693 1749 813 1783 Poetae
841 1747 936 1783 enim
970 1748 1200 1793 appellantur
1232 1751 1405 1793 pastores,
1436 1751 1473 1782 ut
1502 1750 1599 1793 patet
1626 1758 1690 1794 per

515 1809 632 1854 ipsum
662 1808 851 1854 Virgilium
881 1807 972 1842 libro
994 1807 1263 1842 Bucolicorum.
1292 1807 1333 1841 Et
1362 1807 1439 1841 vult
1466 1806 1588 1842 dicere'
1614 1817 1689 1842 uno

516 1868 645 1903 verbo:
669 1867 740 1902 dixi
769 1867 866 1913 quod
886 1878 950 1902 nos
973 1870 1046 1902 tres
1070 1877 1218 1902 eramus
1241 1867 1331 1902 sicut
1351 1877 1472 1913 caprae
1491 1870 1527 1902 et
1546 1871 1687 1913 pastor3

514 1928 575 1963 sed
605 1928 686 1963 volo
714 1927 811 1972 quod
839 1927 1026 1973 intelligas,
1047 1926 1144 1972 quod
1163 1927 1387 1973 comparatio
1406 1938 1603 1973 caprarum
1628 1938 1688 1963 re—

514 1987 614 2033 spicit
643 1997 712 2032 me,
741 1987 965 2033 comparatio
993 1997 1082 2022 vero
1101 1987 1255 2032 pastoris
1275 1987 1417 2032 respicit
1444 1986 1572 2021 ambos
1600 1997 1688 2032 poe-

515 2050 588 2091 tas3
616 2051 651 2082 et
685 2047 787 2082 dicit:
813 2048 955 2092 fasciati
981 2047 1096 2090 quinci
1125 2056 1142 2079 e
1176 2047 1295 2090 quincti
1320 2047 1416 2080 (talla
1443 2049 1574 2089 yrolca,
1602 2046 1686 2091 quia

514 2106 571 2141 via
600 2106 656 2141 illa
684 2111 763 2142 erat
791 2107 911 2141 excisa
940 2106 1034 2141 intra
1063 2109 1237 2150 montem,
1261 2105 1307 2140 ita
1327 2105 1424 2150 quod
1446 2109 1525 2141 erat
1546 2108 1622 2141 tuta
1642 2116 1685 2141 ex

514 2170 673 2211 utraque
695 2169 798 2211 parte
816 2167 952 2211 clausa,
974 2166 1020 2200 ita
1042 2165 1139 2211 quod
1163 2175 1233 2200 non
1254 2168 1418 2211 poterant
1438 2165 1572 2201 cadere
1594 2166 1687 2201 sicut

514 2226 549 2261 in
576 2226 732 2270 cornice,
761 2236 844 2271 qum
867 2230 945 2261 erat
972 2229 1097 2272 aperta
1117 2225 1164 2260 ab
1189 2236 1260 2260 una
1282 2229 1400 2271 parte3
1420 2225 1469 2260 ita
1489 2225 1587 2270 quod
1608 2229 1686 2261 ten-

513 2287 602 2322 dens
628 2285 673 2321 ad
700 2286 872 2321 virtutem
902 2288 1017 2331 potest
1043 2285 1161 2320 adhuc
1188 2285 1319 2320 cadere
1355 2285 1383 2320 si
1416 2284 1529 2320 tendit
1556 2295 1685 2321 versus
