1737 2836
391 248 527 274 clm-Tus
554 250 744 276 v·1GESIMUS
770 250 912 275 sssxrus.
1165 246 1231 277 123

67 319 315 356 imminentem
345 323 500 355 mortem
535 323 571 355 et
602 321 871 357 damnationem
904 321 1084 357 reducunt
1115 332 1153 357 se
1186 323 1231 358 ad

65 378 238 424 patriam;
266 382 301 414 et
328 379 419 414 sicut
453 379 613 414 sormicae
645 380 751 415 simul
784 391 912 416 omnes
944 391 1064 416 mares
1100 385 1134 417 et
1167 382 1234 417 soe-

66 437 173 473 minae
200 438 364 473 laborant
396 438 440 473 ad
475 439 742 484 purgationem,
771 444 810 474 ut
838 440 914 485 J’am
952 441 1066 486 patuit
1099 441 1134 476 in
1163 442 1233 477 fine

65 497 300 542 praecedentis
327 498 482 543 capituli,
511 501 546 533 et.
574 498 621 533 ita
651 499 829 534 universa}
857 500 964 535 simul
993 501 1232 547 egrediuntur

64 567 129 602 per
163 560 303 592 turmas
329 567 412 592 suas
447 567 549 592 more
583 556 831 602 formicarum,
864 562 899 593 et
931 559 1037 594 simul
1070 561 1231 596 habitant

65 615 148 651 boni
177 616 350 651 naturalis
375 616 502 662 gratia,
531 616 591 661 qui
610 613 644 660 C)
665 617 765 662 prius
783 617 944 652 fecerant
970 623 1096 655 contra
1124 624 1231 656 natu-

66 686 163 719 ram;
183 679 218 710 et
238 679 275 710 ut
295 686 365 711 non
393 677 497 721 plura
523 676 652 721 dicam,
675 676 767 712 sicut
786 676 946 712 formicae
966 677 1079 724 nigrae
1098 689 1229 714 occur—

65 737 149 768 runt
183 735 248 769 sibi
284 735 437 770 invicem
471 735 538 770 sub
573 746 706 782 magno
737 736 858 771 calore
888 737 983 782 solis,
1016 737 1063 772 ita
1098 738 1230 773 animae

63 793 139 828 istae
165 794 363 840 denigratae
389 795 536 830 obviant
563 795 627 830 sihi
655 795 723 830 sub
750 806 884 841 magno
911 797 1034 832 calore
1057 797 1157 843 ignis.
1178 798 1229 833 Ad

63 853 205 889 literam
220 864 308 899 ergo
323 854 406 890 dicit
426 858 551 900 poeta:
571 851 639 889 cos}
658 856 760 889 l’wza
776 857 925 900 formica
943 857 970 890 s’
985 867 1142 891 amnmsa
1163 868 1226 892 con

63 914 84 947 l’
99 914 206 956 altra,
233 914 482 959 contingentes
509 925 547 949 se
566 914 719 949 invicem
743 925 826 950 cum
847 925 922 958 ore,
946 926 1010 959 per
1033 920 1130 950 entro
1149 918 1227 952 loro

63 974 197 1007 schiera
228 973 354 1016 bruna,
388 976 424 1007 et
457 983 541 1008 ecce
575 984 714 1018 quare,
739 976 836 1019 forse
868 985 890 1008 a
920 976 1037 1019 spiare
1070 977 1125 1010 lor
1160 978 1229 1020 via,

62 1042 173 1077 quam
201 1031 355 1066 debeant
378 1035 502 1067 tenere
529 1042 573 1067 ex
603 1034 756 1068 naturali
778 1033 932 1079 ingenio,
952 1045 969 1068 e
990 1036 1045 1069 lor
1067 1037 1225 1080 fortuna,

61 1091 204 1135 seilicet,
235 1091 292 1125 ubi
320 1091 473 1126 debeant
501 1102 669 1136 quaerere
695 1103 808 1138 grana
842 1093 906 1128 sihi
940 1093 985 1129 ad
1016 1094 1227 1129 victum.—

68 1153 177 1185 Tosco.
197 1150 260 1185 Hic
282 1154 386 1196 poeta
406 1151 503 1196 ponit
523 1161 629 1186 voces
652 1151 831 1187 dictarum
850 1152 1070 1197 animarum,
1093 1154 1225 1198 quihus

63 1213 311 1245 rememorant
330 1210 589 1255 turpitudinem
605 1221 722 1255 suam,
737 1211 875 1246 dicens:
898 1215 926 1246 T
924 1216 996 1246 osto
1011 1214 1069 1246 clee
1078 1218 1225 1257 parton,

62 1268 108 1303 illi
137 1269 292 1314 spiritus,
320 1270 341 1303 l’
356 1270 577 1312 accoylienza
605 1271 731 1313 (melca,
751 1270 850 1315 idest,
871 1271 1113 1316 receptionem
1133 1272 1226 1307 ami—

61 1329 227 1374 cabilem,
255 1340 364 1374 quam
394 1340 502 1374 supra
533 1330 673 1364 vocavit
694 1330 805 1365 breve
824 1331 967 1375 festum,
989 1331 1152 1367 similiter
1173 1332 1225 1366 vi-

61 1389 263 1434 tuperando
290 1389 484 1423 amicitiam
513 1392 548 1423 et
575 1389 854 1434 gratulationem
882 1390 1136 1435 damnabilem,
1165 1392 1224 1426 ubi

61 1448 267 1483 habuerunt
297 1451 589 1483 momentaneam
612 1448 886 1484 delectationem
910 1449 972 1484 sed
992 1450 1140 1496 longum
1160 1450 1225 1485 do-

59 1507 195 1551 lorem,
227 1509 388 1541 ciasczma
419 1509 603 1551 s'affacc'ca
637 1509 910 1552 soprayyrc'dar,
943 1513 1079 1553 quanto
1118 1510 1225 1544 altius

59 1571 218 1611 possunt,
243 1568 360 1610 prima
383 1568 441 1600 elce
457 1568 478 1600 'l
491 1569 607 1610 primo
623 1577 728 1610 passo
747 1564 770 1601 li
787 1571 984 1611 trascorra,
1004 1567 1104 1612 idest,
1126 1572 1225 1603 tran-

60 1630 137 1661 seat
176 1626 233 1670 ibi,
271 1626 326 1661 vel
367 1629 585 1671 transportet
624 1637 697 1671 eas,
729 1627 830 1671 quasi
864 1627 968 1671 dicat,
1002 1627 1120 1662 statim
1156 1628 1225 1662 im-

60 1685 216 1721 mediate
243 1688 320 1731 post
347 1689 469 1721 actum
499 1689 743 1731 prorumpunt
770 1686 804 1720 in
833 1697 960 1722 vocem
979 1682 1013 1730 (²)
1041 1690 1224 1722 vertentes

58 1745 123 1780 sibi
153 1745 289 1789 culum,
317 1745 409 1779 sicut
439 1749 475 1780 et
506 1745 669 1780 diabolus
700 1745 830 1780 dicitur
862 1746 992 1781 facere.
1028 1746 1070 1780 Et
1104 1746 1223 1781 subdit

59 1804 257 1839 clamorem
287 1804 477 1849 utriusque
495 1808 612 1849 sectae,
636 1805 776 1840 dicens:
805 1807 840 1839 la
867 1815 982 1839 nuova
1007 1810 1117 1849 yeme,
1141 1816 1223 1850 quae

58 1868 319 1909 supervenerat
335 1867 468 1908 postea,
481 1865 616 1909 supple,
629 1865 761 1900 clamat
773 1860 822 1909 θ),
834 1866 987 1899 Sodoma
1001 1875 1018 1899 e
1035 1867 1221 1899 Gomorra.

57 1923 95 1957 In
122 1924 189 1958 hoc
217 1923 404 1968 propalant
431 1933 503 1967 quo
532 1923 615 1958 vitio
643 1923 712 1958 sint
729 1918 763 1967 (⁸⁴)
792 1924 929 1969 polluti,
957 1924 1058 1969 quasi
1086 1924 1220 1958 dicant:

58 1983 336 2029 provocavimus
366 1983 456 2017 iram
484 1983 547 2017 Dei
576 1993 684 2028 super
712 1994 776 2018 nos
803 1983 895 2018 sicut
917 1983 1003 2018 olim
1024 1983 1220 2018 sodomitae.

55 2043 223 2087 Quinque
249 2042 344 2077 enim
374 2042 522 2077 suerunt
549 2042 710 2077 civitates
742 2042 827 2077 olim
862 2042 896 2077 in
925 2042 1054 2077 finibus
1080 2042 1220 2077 Arabia}

57 2105 227 2137 cremata)
255 2102 337 2147 igne
356 2102 491 2137 coelesti
521 2102 566 2136 ob
595 2102 702 2137 talem
723 2102 878 2147 culpam,
899 2102 1030 2137 scilicet
1053 2102 1220 2147 Sodoma,

56 2161 245 2206 Gomorra,
273 2162 421 2206 Adama,
450 2162 604 2207 Seboyn,
634 2165 669 2197 et
696 2162 820 2207 Segor.
845 2162 945 2197 Unde
971 2162 1146 2207 Josephus
1177 2162 1221 2197 de

119 2254 145 2282 (¹)
166 2254 192 2277 Ε.
210 2261 266 2284 quse
285 2255 362 2283 prius.
529 2254 554 2283 (²)
574 2256 625 2282 117,
644 2255 668 2277 in
687 2261 761 2278 voces
779 2256 905 2278 vertentes
923 2255 967 2278 sibi
985 2255 1091 2278 collum.

119 2292 145 2321 (¹)
164 2292 191 2315 E.
209 2292 342 2315 clamabat.
531 2292 556 2321 (¹)
575 2295 627 2320 117,
646 2292 748 2316 suerint.
