1766 2856
438 236 508 269 506
828 240 942 265 ῙΝΒΕΧ
969 239 1058 264 ΤΟΜΙ
1084 238 1231 270 QUARTI.

433 315 567 341 CANTUS
589 310 801 338 TRIGESIML‘S,
825 310 851 333 in
874 316 926 339 quo
950 311 1043 332 tractat
1064 309 1131 332 sicut
1149 309 1252 332 Beatrix
1274 309 1394 338 apparuit
1419 309 1443 332 ei
1466 309 1556 333 induta

480 353 605 381 flammis;
623 354 649 375 et
666 351 732 374 sicut
744 349 788 372 illa
801 348 904 371 domina
917 354 974 378 quae
993 347 1112 377 apparuit
1130 347 1206 371 Danti
1224 347 1296 377 prius
1313 347 1396 371 multa
1415 349 1555 378 receptavit

480 391 591 415 Beatrici
609 389 639 412 de
658 387 766 412 crimine
784 387 872 410 Dantis
894 393 941 409 cur
964 386 1017 415 ipse
1036 386 1196 416 relinquerat
1214 392 1270 409 eam
1289 393 1336 416 pro
1354 386 1410 410 aliis
1428 387 1512 416 vanis;
1529 389 1556 411 et

480 430 545 453 sicut
564 429 658 451 Dantes
675 426 784 456 ploravit
802 431 891 448 coram
910 424 963 455 ipsa
981 431 1007 448 se
1025 424 1123 454 pudens
1132 442 1473 448 ......................
1493 425 1554 456 Pag.
1572 427 1618 450 204

432 486 564 513 CANTUS
590 483 793 509 TRIGESIMUS
820 482 955 511 PRIMUS,
973 482 1016 505 ubi
1042 489 1131 506 coram
1157 482 1273 506 Beatrice
1299 482 1432 506 confessus
1453 486 1491 507 est
1508 491 1556 514 pro

480 525 600 550 omnibus
617 524 668 547 suis
686 522 768 557 culpis
785 522 817 545 ab
833 528 864 545 eo
883 521 957 544 sactis
974 523 1064 544 contra
1082 521 1237 549 Beatricem,
1251 524 1277 544 et
1293 522 1424 552 quomodo
1441 522 1553 552 domina,

480 571 557 595 quam
576 562 647 592 prius
664 561 769 588 invenit,
787 566 847 583 eum
865 559 937 583 duxit
954 562 980 583 et
999 559 1108 583 transire
1126 559 1186 582 fecit
1204 559 1311 587 flumen,
1331 563 1356 584 et
1373 560 1456 590 ipsum
1470 561 1556 585 taliter

480 603 541 626 arsit
553 600 622 631 quod
634 600 693 623 bibit
712 599 742 622 de
759 605 789 622 ea
807 604 885 628 aqua:
904 600 929 620 et
947 597 973 620 in
986 597 1034 620 fine
1047 597 1141 620 ductus
1158 599 1196 620 est
1214 604 1260 626 per
1278 597 1349 621 illam
1367 601 1392 622 et
1410 599 1472 622 alias
1488 606 1555 630 qua-

480 643 540 664 tuor
557 639 674 663 dominas
693 643 780 661 coram
799 636 916 659 Beatrice
935 638 1055 666 rogantes
1072 642 1129 659 eam
1148 642 1195 665 pro
1214 636 1296 659 Dante
1308 655 1553 661 ................
1570 640 1616 662 224

433 701 566 726 CANTUS
585 699 789 724 TRIGESIMUS
806 697 987 726 SECUNDUS,
1006 697 1033 720 in
1051 703 1103 727 quo
1122 699 1215 720 tractat
1233 697 1298 721 sicut
1316 699 1420 721 secutus
1437 701 1475 722 est
1493 705 1556 722 cur-

480 747 540 764 rum
559 746 618 763 cum
636 738 786 762 dominabus
803 739 829 760 et
847 735 1003 763 senioribus;
1021 738 1047 758 et
1064 736 1131 759 sicut
1149 735 1234 765 aquila
1251 736 1377 765 percussit
1395 743 1512 765 currum,
1530 739 1556 760 et

481 779 512 802 de
524 778 610 807 vulpe,
624 776 690 800 etde
704 782 763 799 vera
776 774 975 805 significatione;
994 776 1018 797 et
1037 774 1062 796 in
1081 772 1130 796 fine
1148 773 1179 796 de
1197 773 1300 803 gigante
1317 776 1342 797 et
1360 774 1391 797 de
1409 775 1556 804 meretrice,

481 819 507 840 et
525 816 556 839 de
574 815 663 839 multis
681 814 736 837 aliis
747 830 1557 837 ...................................................
1575 816 1621 838 242

433 875 566 900 CANTUS
589 873 793 897 TRIGESfflUS
817 872 964 896 TERTIUS
982 872 1027 895 ET
1052 871 1203 896 ULTIMUS
1226 872 1444 901 PURGATORII,
1463 873 1488 896 in
1506 880 1559 903 quo

481 913 586 937 Beatrix
604 912 746 936 declaravit
763 911 848 935 omnia
869 911 953 939 Danti,
973 911 1003 934 de
1027 910 1111 940 aquila
1134 910 1257 940 praedicta
1279 913 1304 934 et
1327 911 1358 934 de
1380 911 1457 942 vulpe
1480 914 1505 936 et
1528 912 1559 935 de

480 953 581 982 gigante
599 953 625 974 et
642 950 790 978 meretrice,
809 953 834 973 et
853 949 884 973 de
902 949 991 973 multis
1013 949 1101 972 fiendis
1123 955 1168 979 per
1190 949 1328 979 quemdam
1352 949 1445 973 ducem
1463 952 1558 974 ventu-

481 997 553 1017 rum;
572 992 597 1013 et
620 990 645 1012 in
667 988 717 1012 fine
739 988 800 1012 visis
822 990 935 1018 quatuor
958 987 1108 1011 fluminibus
1126 987 1246 1017 paradisi,
1264 987 1399 1011 exiverunt
1417 988 1448 1012 ad
1466 988 1557 1012 viden-

479 1028 541 1052 dum
559 1027 646 1051 stellas
650 1044 1554 1052 .........................................................
1571 1030 1617 1052 266

778 1164 1023 1201 COMENTUM
1060 1163 1275 1199 PARADISI.

434 1283 568 1308 CANTt'S
585 1281 721 1310 PRIMUS,
740 1281 765 1305 in
783 1288 835 1311 quo
853 1281 958 1310 ponitur
976 1280 1141 1310 prohemium
1153 1297 1557 1303 ..........................
1574 1280 1617 1302 291

433 1343 566 1368 CANTUS
583 1342 764 1370 SECUNDUS,
782 1341 809 1365 in
826 1348 878 1371 quo
896 1341 1045 1365 continetur
1058 1347 1178 1364 ascensus
1195 1341 1220 1364 iu
1237 1347 1339 1370 speram
1358 1339 1434 1368 lunae,
1448 1339 1491 1363 ubi
1509 1346 1558 1370 po-

480 1383 551 1406 nitur
568 1381 686 1412 quaedam
705 1380 812 1411 quaestio
831 1380 862 1403 de
879 1379 1038 1403 obscuritate
1055 1385 1113 1410 quae
1131 1380 1237 1409 apparet
1255 1379 1281 1402 in
1299 1378 1360 1402 luna
1376 1396 1556 1401 ............
1573 1379 1618 1401 335

434 1441 568 1466 CANTUS
586 1440 742 1469 TERTIUS,
762 1440 787 1463 in
805 1446 856 1470 quo
874 1442 995 1463 movetur
1013 1440 1120 1469 quaestio
1138 1441 1163 1462 et
1181 1438 1331 1462 declaratur
1347 1438 1449 1467 veritas,
1467 1440 1557 1462 utrum

481 1480 533 1504 illae
551 1480 643 1503 animae
662 1486 719 1510 quae
737 1480 797 1502 sunt
814 1477 952 1501 inferiores
969 1477 1065 1501 vellent
1083 1477 1228 1501 feliciorem
1247 1477 1354 1507 gradum
1360 1494 1557 1500 .............
1578 1478 1623 1500 361

435 1538 567 1563 CANTUS
589 1537 758 1568 QUARTUS,
777 1537 802 1560 in
825 1543 877 1567 quo
899 1535 1008 1560 solvitur
1030 1535 1138 1566 quaestio
1155 1535 1186 1558 de
1206 1537 1274 1563 voto,
1293 1534 1335 1558 ubi
1354 1535 1469 1565 tangitur
1486 1534 1557 1565 quod

478 1578 598 1602 voluntas
615 1576 710 1606 duplex
728 1578 774 1604 est,
794 1575 911 1599 absoluta
928 1577 954 1598 et
972 1575 1051 1598 mixta
1071 1591 1555 1598 ...............................
1575 1574 1618 1596 381

435 1637 568 1662 CANTUS
584 1636 740 1667 QUINTUS,
759 1636 784 1659 in
802 1642 853 1666 quo
866 1635 949 1659 multa
962 1634 1129 1658 declarantur
1144 1633 1175 1657 de
1189 1636 1257 1661 v0t0,
1276 1635 1301 1657 et
1319 1633 1425 1663 ponitur
1437 1639 1558 1656 ascensus

479 1678 504 1701 in
522 1683 624 1706 speram
644 1675 770 1699 Mercurii
781 1689 1554 1697 .................................................
1572 1672 1619 1694 400

434 1736 568 1762 ΕΑΝΤΕΞ
595 1735 736 1763 SEXTUS,
762 1736 787 1758 in
813 1741 865 1764 quo
892 1733 1067 1757 introducitur
1093 1732 1251 1756 Justinianus
1278 1732 1429 1762 imperator,
1451 1737 1559 1754 narrans

480 1775 563 1799 multa
581 1781 638 1805 quae
657 1775 726 1803 gesta
744 1775 803 1796 sunt
821 1772 868 1795 sub
886 1772 957 1802 signo
975 1771 1068 1802 aquilae
1071 1787 1558 1795 ...............................
1576 1770 1621 1793 417

435 1835 568 1860 CANTUS
586 1834 763 1862 SEPTIMUS,
777 1834 803 1857 in
815 1840 867 1864 quo
881 1833 1028 1857 continetur
1044 1831 1227 1855 exterminium
1241 1829 1398 1861 judzeorum,
1411 1828 1455 1852 ubi
1467 1830 1560 1852 tractat

482 1874 513 1898 de
530 1876 615 1897 morte
632 1872 726 1896 Christi
736 1885 1557 1896 ....................................................
1576 1867 1622 1891 460

436 1933 569 1958 CANTUS
586 1933 751 1961 OCTAVUS,
770 1933 795 1956 in
818 1939 870 1963 quo
893 1932 998 1962 ponitur
1016 1938 1136 1955 ascensus
1159 1931 1184 1954 in
1206 1936 1309 1961 speram
1327 1928 1445 1956 Veneris,
1463 1928 1488 1951 in
1510 1934 1560 1958 qua

482 1972 564 1996 multa
582 1978 690 1996 narrans
708 1971 884 1996 introducitur
902 1970 1010 1995 Carolus
1027 1977 1073 1994 rex
1091 1983 1560 1994 ..............................
1577 1967 1623 1989 ιιθ
