1737 2836
436 272 574 298 CANTcs
601 271 824 297 TmGEsmus.
1141 265 1209 296 205

44 346 105 381 stis
140 346 362 381 constellatio
401 345 603 391 dirigebant
639 354 766 379 omnes
802 347 930 379 euntes
960 343 1067 389 juxta
1107 343 1212 378 istam

43 416 191 450 aquam,
219 409 254 441 et
281 415 409 440 onmes
435 405 684 449 sequebantur
716 414 844 439 eorum
879 406 1021 438 motum
1056 403 1112 438 vel
1139 406 1213 438 sta—

44 469 133 500 tum.
161 465 263 500 Modo
291 465 335 500 ad
363 464 587 510 propositum
617 463 699 498 dicit
727 466 843 508 poet-a,
864 463 961 508 quod
989 466 1063 498 tota
1087 462 1214 497 militia

42 524 100 560 illa
127 524 283 559 firmavit
312 535 362 569 se,
391 523 540 558 firmatis
567 523 632 557 illis
659 522 884 558 candelabris
912 533 994 567 quae
1022 526 1210 567 tamquam

43 585 144 631 signa
173 584 435 630 praecedebant.
456 584 559 618 Nunc
578 592 720 628 expone
739 586 774 617 et
792 585 965 617 construe
984 582 1033 617 sie
1055 582 1209 625 literam,

42 654 125 689 quae
153 647 205 679 est
233 644 408 688 intricata,
437 646 472 678 et
498 642 614 687 incipe
647 642 714 677 ibi:
749 644 800 676 La
832 645 930 685 yeme
962 652 1096 684 verace,
1132 652 1214 686 quae

42 704 161 739 levata
196 714 305 748 supra
343 703 499 738 fallacias
535 701 659 737 mundi
693 701 798 736 docet
829 711 977 736 omnem
1007 701 1211 745 veritatem,

43 764 133 799 sicut
161 766 256 808 patet
284 763 320 797 in
347 762 445 797 libris
472 762 604 805 Bibliae,
639 765 760 796 venula
784 763 901 806 prima
929 764 985 795 [ra
1013 762 1037 795 il
1061 761 1212 804 grifone,

43 823 143 867 idest,
163 833 246 868 quae
264 825 501 868 praecesserat
520 831 674 857 currum
695 825 853 856 tractum
869 831 888 856 a
904 821 1103 867 gryphone,
1121 822 1214 865 s'af—

39 884 119 927 fisse
142 884 271 927 ferma,
304 882 403 925 idest,
431 881 623 916 arrestavit
658 891 697 916 se
732 880 897 924 firmiter,
926 883 964 914 ut
998 880 1211 925 praedictum

43 947 95 978 est
123 943 158 977 in
186 942 255 977 fine
283 941 516 987 praecedentis
543 940 712 986 capituli3
741 944 772 975 et
796 950 884 983 esso,
908 940 1052 983 scilicet,
1071 940 1213 985 grypho

42 1002 104 1047 qui
132 1005 185 1037 est
212 1001 385 1045 Christus,
416 1002 506 1035 volse
532 998 569 1035 se*
593 1002 630 1034 al
654 1010 775 1043 carro,
804 999 952 1034 firmans
980 1009 1018 1034 se
1044 999 1102 1043 ibi,
1122 1009 1216 1033 come

43 1071 65 1095 a
88 1072 151 1095 sua
168 1072 268 1105 pace,
288 1059 494 1096 custodiens
516 1059 707 1094 ecclesiam
727 1062 854 1094 contra
873 1059 995 1093 omnia
1015 1059 1125 1103 bella,
1146 1059 1213 1093 hoc

42 1123 167 1156 autem
194 1120 277 1155 secit
302 1130 393 1166 gens
414 1119 480 1154 ista
499 1122 605 1163 tunc3
626 1118 701 1153 redi
725 1128 846 1164 supra,
875 1119 1016 1162 quando
1043 1119 1067 1152 il
1091 1122 1214 1153 sellen-

43 1181 146 1222 trion,
167 1179 229 1224 qui
256 1181 395 1214 constat
414 1188 458 1214 ex
478 1182 615 1223 septem
636 1178 861 1213 candelabris
879 1178 1101 1222 ardentibus,
1122 1178 1213 1213 sicut

42 1238 265 1275 constellatio
298 1248 393 1274 ursae
426 1241 565 1274 constat
599 1248 643 1273 ex
679 1241 815 1283 septem
856 1238 965 1273 stellis
998 1238 1211 1282 lucentibus,

43 1301 98 1335 del
119 1300 235 1344 primo
262 1300 357 1342 eielo,
385 1298 529 1342 scilicet,
557 1307 743 1344 empyreo,
772 1297 857 1342 quia
886 1297 983 1333 venit
1006 1297 1213 1332 immediate

43 1369 64 1394 a
90 1359 176 1402 Deo,
205 1358 266 1393 ubi
294 1361 416 1393 noster
443 1357 654 1403 septemtrio
673 1361 726 1392 est
748 1357 783 1392 in
802 1360 931 1392 octavo
955 1358 1059 1401 coelo,
1079 1357 1214 1392 scilicet

43 1419 298 1462 firmamento,
327 1421 359 1452 et
388 1417 445 1452 liic
471 1417 598 1462 supple
629 1427 746 1451 unum
779 1417 947 1461 verbum,
976 1418 1002 1451 s'
1018 1418 1137 1460 alsisse.
1171 1417 1212 1450 Et

42 1479 136 1522 dicit,
164 1479 233 1521 elce,
261 1477 361 1521 idest,
396 1477 457 1522 qui
492 1476 702 1521 septemtrio
739 1476 890 1522 Spiritus
917 1477 1041 1520 sancti,
1075 1474 1118 1511 ne*
1143 1477 1213 1510 mai

41 1549 142 1582 seppe
168 1548 291 1572 occaso
317 1535 361 1571 ne*
386 1540 476 1580 orto,
513 1536 597 1581 quia
626 1546 814 1580 nunquam
844 1535 969 1570 habuit
995 1535 1211 1581 principium

43 1608 163 1643 neque
191 1598 311 1642 linem,
333 1600 367 1632 et
395 1606 585 1641 nunquam
613 1596 818 1631 occultatur
840 1595 963 1630 videre
986 1595 1131 1640 volenti,
1151 1595 1212 1630 sed

43 1662 95 1694 est
113 1660 299 1704 perpetuae
317 1656 561 1702 apparitionis,
581 1656 674 1690 sicut
696 1659 731 1690 et
758 1665 890 1690 currus
913 1655 1024 1690 nostri
1045 1655 1135 1701 poli,
1159 1653 1213 1698 ne',

43 1718 179 1763 supple,
206 1717 318 1761 scivit,
347 1718 421 1751 velo
447 1717 588 1750 d’allra
620 1715 753 1759 nebbe'a,
783 1716 841 1749 elce
871 1716 907 1749 cli·
932 1716 1044 1759 colpa.
1077 1714 1212 1750 Sensus

43 1781 95 1814 est
122 1777 219 1822 quod
253 1777 349 1811 nulla
382 1775 496 1810 nubes
532 1776 588 1810 vel
621 1775 753 1810 nebula
785 1778 903 1820 potest
938 1775 1080 1820 eripere
1112 1774 1214 1809 nobis

43 1839 276 1882 conspectum
293 1835 391 1870 istius
410 1834 676 1880 septemtrionis
693 1834 738 1869 ad
758 1834 908 1869 modum
930 1845 1004 1879 quo
1023 1834 1128 1879 eripit
1147 1844 1213 1868 no—

42 1898 96 1932 his
123 1896 239 1931 visum
268 1895 446 1930 coelorum
467 1898 501 1929 et
521 1894 720 1938 stellarum,
744 1894 808 1929 nisi
832 1895 906 1929 sola
929 1895 1035 1939 culpa
1063 1893 1210 1939 peccati,

43 1956 127 2002 quia
156 1955 358 2001 ignorantia
386 1953 520 2000 peccati
545 1957 599 1989 est
621 1953 803 1998 quoddam
824 1954 946 1989 velum
975 1953 1068 1988 inter
1095 1953 1211 1988 Deum

43 2020 79 2052 et
105 2015 300 2050 hominem.
331 2014 372 2048 Et
399 2013 512 2059 tangit
539 2013 711 2048 virtutem
748 2016 784 2048 et
817 2013 978 2047 officium
1013 2012 1120 2046 huius
1155 2022 1213 2047 se-

44 2075 279 2122 ptemtrionis,
306 2074 447 2118 dicens,
476 2084 493 2107 e
518 2074 576 2107 clee
603 2075 704 2117 facea
740 2069 775 2115 Ιὶ,
812 2072 911 2117 idest,
945 2072 978 2107 in
1011 2072 1067 2107 illa
1100 2072 1212 2117 sylva,

43 2137 204 2170 ciascuno
231 2138 370 2169 accorlo
397 2135 434 2168 ‹sz
458 2143 520 2167 sno
547 2133 687 2176 dovere,
719 2132 818 2177 idest,
847 2131 968 2177 debiti,
996 2131 1093 2176 quia⁷
1120 2131 1215 2166 scili—

43 2198 100 2230 cet
117 2194 221 2229 docet
240 2202 547 2238 unumquemque
566 2192 652 2236 quid
671 2191 791 2227 facore
810 2191 952 2236 debeat,
973 2195 1009 2227 et
1035 2191 1155 2237 dirigit
1177 2191 1213 2225 in

45 2253 153 2289 finem
174 2263 282 2288 suum
303 2262 406 2287 more
426 2251 537 2286 nostri
557 2251 842 2297 septemtrionis3
859 2251 954 2287 unde
971 2251 1065 2294 dicit,
1085 2261 1179 2285 come
1193 2252 1216 2285 ’l

42 2311 101 2358 pi&
127 2313 241 2357 basso,
270 2312 415 2356 scilicet,
435 2311 644 2357 septemtrio
671 2315 794 2347 noster
813 2311 875 2346 ubi
894 2314 947 2346 est
968 2314 1210 2355 tramontana,
