<?xml version="1.0" encoding="UTF-8"?>
<!DOCTYPE html PUBLIC "-//W3C//DTD XHTML 1.0 Transitional//EN"
    "http://www.w3.org/TR/xhtml1/DTD/xhtml1-transitional.dtd">
<html xmlns="http://www.w3.org/1999/xhtml" xml:lang="en" lang="en">
 <head>
  <title>
</title>
<meta http-equiv="Content-Type" content="text/html;charset=utf-8" />
  <meta name='ocr-system' content='tesseract 3.04.00' />
  <meta name='ocr-capabilities' content='ocr_page ocr_carea ocr_par ocr_line ocrx_word'/>
</head>
<body>
  <div class='ocr_page' id='page_1' title='image "./comentumsuperdan04benvuoft_0381.png"; bbox 0 0 1737 2836; ppageno 0'>
   <div class='ocr_carea' id='block_1_1' title="bbox 1179 238 1244 270">
    <p class='ocr_par' dir='ltr' id='par_1_1' title="bbox 1179 238 1244 270">
     <span class='ocr_line' id='line_1_1' title="bbox 1179 238 1244 270; baseline 0 0"><span class='ocrx_word' id='word_1_1' title='bbox 1179 238 1244 270; x_wconf 78' lang='lat'>361</span> 
     </span>
    </p>
   </div>
   <div class='ocr_carea' id='block_1_2' title="bbox 74 455 1249 608">
    <p class='ocr_par' dir='ltr' id='par_1_2' title="bbox 74 455 1249 608">
     <span class='ocr_line' id='line_1_2' title="bbox 74 455 1249 497; baseline -0.001 -9"><span class='ocrx_word' id='word_1_2' title='bbox 74 455 239 488; x_wconf 68' lang='lat' dir='ltr'>CANTUS</span> <span class='ocrx_word' id='word_1_3' title='bbox 264 455 456 494; x_wconf 79' lang='lat' dir='ltr'>TERTIUS,</span> <span class='ocrx_word' id='word_1_4' title='bbox 482 457 516 487; x_wconf 68' lang='grc' dir='ltr'>’ἱιι</span> <span class='ocrx_word' id='word_1_5' title='bbox 540 467 598 496; x_wconf 70' lang='lat' dir='ltr'>quo</span> <span class='ocrx_word' id='word_1_6' title='bbox 622 460 761 488; x_wconf 67' lang='lat' dir='ltr'>mol-etur</span> <span class='ocrx_word' id='word_1_7' title='bbox 791 459 920 497; x_wconf 69' lang='lat' dir='ltr'>qnoestz&#39;o</span> <span class='ocrx_word' id='word_1_8' title='bbox 945 461 973 489; x_wconf 75' lang='lat' dir='ltr'>et</span> <span class='ocrx_word' id='word_1_9' title='bbox 996 457 1176 489; x_wconf 70' lang='lat' dir='ltr'><strong><em>declaratur</em></strong></span> <span class='ocrx_word' id='word_1_10' title='bbox 1199 468 1249 488; x_wconf 74' lang='lat' dir='ltr'>ve-</span> 
     </span>
     <span class='ocr_line' id='line_1_3' title="bbox 152 511 1248 553; baseline 0.001 -11"><span class='ocrx_word' id='word_1_11' title='bbox 152 513 242 549; x_wconf 73' lang='lat' dir='ltr'>ritas,</span> <span class='ocrx_word' id='word_1_12' title='bbox 263 515 366 543; x_wconf 71' lang='lat' dir='ltr'>utrum</span> <span class='ocrx_word' id='word_1_13' title='bbox 383 511 445 543; x_wconf 57' lang='lat' dir='ltr'>{Nee</span> <span class='ocrx_word' id='word_1_14' title='bbox 462 512 575 543; x_wconf 65' lang='lat' dir='ltr'>(minace</span> <span class='ocrx_word' id='word_1_15' title='bbox 592 523 660 552; x_wconf 69' lang='lat' dir='ltr'>qna?</span> <span class='ocrx_word' id='word_1_16' title='bbox 678 516 751 544; x_wconf 74' lang='lat' dir='ltr'>sunt</span> <span class='ocrx_word' id='word_1_17' title='bbox 770 513 937 552; x_wconf 72' lang='lat' dir='ltr'>inferiores</span> <span class='ocrx_word' id='word_1_18' title='bbox 952 513 1063 545; x_wconf 65' lang='lat' dir='ltr'>vellent</span> <span class='ocrx_word' id='word_1_19' title='bbox 1078 513 1248 553; x_wconf 71' lang='lat' dir='ltr'><em>feliciorem</em></span> 
     </span>
     <span class='ocr_line' id='line_1_4' title="bbox 150 567 297 608; baseline 0.007 -11"><span class='ocrx_word' id='word_1_20' title='bbox 150 567 297 608; x_wconf 59' lang='lat' dir='ltr'>madum.</span> 
     </span>
    </p>
   </div>
   <div class='ocr_carea' id='block_1_3' title="bbox 71 684 1249 2218">
    <p class='ocr_par' dir='ltr' id='par_1_3' title="bbox 71 684 1249 2218">
     <span class='ocr_line' id='line_1_5' title="bbox 154 684 1248 786; baseline 0.003 -22"><span class='ocrx_word' id='word_1_21' title='bbox 154 684 309 786; x_wconf 67' lang='lat' dir='ltr'>Qsffl,</span> <span class='ocrx_word' id='word_1_22' title='bbox 335 733 390 766; x_wconf 81' lang='lat' dir='ltr'>sol</span> <span class='ocrx_word' id='word_1_23' title='bbox 414 733 473 766; x_wconf 80' lang='lat' dir='ltr'>che</span> <span class='ocrx_word' id='word_1_24' title='bbox 496 733 579 777; x_wconf 72' lang='lat' dir='ltr'>prta</span> <span class='ocrx_word' id='word_1_25' title='bbox 600 733 742 767; x_wconf 77' lang='lat' dir='ltr'>cl&#39;amor</span> <span class='ocrx_word' id='word_1_26' title='bbox 770 734 816 767; x_wconf 74' lang='lat' dir='ltr'>mi</span> <span class='ocrx_word' id='word_1_27' title='bbox 841 729 961 768; x_wconf 77' lang='lat' dir='ltr'>scaldo</span> <span class='ocrx_word' id='word_1_28' title='bbox 984 734 1010 767; x_wconf 72' lang='lat' dir='ltr'>tl</span> <span class='ocrx_word' id='word_1_29' title='bbox 1022 736 1125 777; x_wconf 73' lang='lat' dir='ltr'>petto.</span> <span class='ocrx_word' id='word_1_30' title='bbox 1146 733 1248 768; x_wconf 87' lang='lat' dir='ltr'>Post-</span> 
     </span>
     <span class='ocr_line' id='line_1_6' title="bbox 74 792 1248 839; baseline 0.001 -13"><span class='ocrx_word' id='word_1_31' title='bbox 74 801 185 837; x_wconf 89' lang='lat' dir='ltr'>quam</span> <span class='ocrx_word' id='word_1_32' title='bbox 214 792 248 826; x_wconf 91' lang='lat' dir='ltr'>in</span> <span class='ocrx_word' id='word_1_33' title='bbox 276 792 455 837; x_wconf 76' lang='lat' dir='ltr'>superiori</span> <span class='ocrx_word' id='word_1_34' title='bbox 483 792 640 838; x_wconf 87' lang='lat' dir='ltr'>capitulo</span> <span class='ocrx_word' id='word_1_35' title='bbox 668 793 835 838; x_wconf 80' lang='lat' dir='ltr'>proxime</span> <span class='ocrx_word' id='word_1_36' title='bbox 869 793 1087 839; x_wconf 82' lang='lat' dir='ltr'>praecedenti</span> <span class='ocrx_word' id='word_1_37' title='bbox 1114 793 1248 828; x_wconf 88' lang='lat' dir='ltr'>Dantes</span> 
     </span>
     <span class='ocr_line' id='line_1_7' title="bbox 72 851 1248 898; baseline 0 -12"><span class='ocrx_word' id='word_1_38' title='bbox 72 851 240 886; x_wconf 77' lang='lat' dir='ltr'>tractavit</span> <span class='ocrx_word' id='word_1_39' title='bbox 267 855 303 887; x_wconf 90' lang='lat' dir='ltr'>et</span> <span class='ocrx_word' id='word_1_40' title='bbox 330 851 585 887; x_wconf 74' lang='lat' dir='ltr'>determinavit</span> <span class='ocrx_word' id='word_1_41' title='bbox 607 852 651 888; x_wconf 92' lang='lat' dir='ltr'>de</span> <span class='ocrx_word' id='word_1_42' title='bbox 674 863 827 898; x_wconf 85' lang='lat' dir='ltr'>corpore</span> <span class='ocrx_word' id='word_1_43' title='bbox 851 853 947 887; x_wconf 65' lang='lat' dir='ltr'>lunae</span> <span class='ocrx_word' id='word_1_44' title='bbox 975 856 1011 887; x_wconf 90' lang='lat' dir='ltr'>et</span> <span class='ocrx_word' id='word_1_45' title='bbox 1038 852 1147 898; x_wconf 92' lang='lat' dir='ltr'>signis</span> <span class='ocrx_word' id='word_1_46' title='bbox 1165 862 1248 897; x_wconf 72' lang='lat' dir='ltr'>quae</span> 
     </span>
     <span class='ocr_line' id='line_1_8' title="bbox 71 911 1249 958; baseline 0.001 -12"><span class='ocrx_word' id='word_1_47' title='bbox 71 916 248 957; x_wconf 81' lang='lat' dir='ltr'>apparent</span> <span class='ocrx_word' id='word_1_48' title='bbox 275 912 309 946; x_wconf 92' lang='lat' dir='ltr'>in</span> <span class='ocrx_word' id='word_1_49' title='bbox 338 922 392 957; x_wconf 78' lang='lat' dir='ltr'>eo,</span> <span class='ocrx_word' id='word_1_50' title='bbox 422 923 519 948; x_wconf 86' lang='lat' dir='ltr'>nunc</span> <span class='ocrx_word' id='word_1_51' title='bbox 547 913 814 958; x_wconf 81' lang='lat' dir='ltr'>subsequenter</span> <span class='ocrx_word' id='word_1_52' title='bbox 831 911 866 956; x_wconf 53' lang='lat'>(¹)</span> <span class='ocrx_word' id='word_1_53' title='bbox 895 913 930 947; x_wconf 89' lang='lat' dir='ltr'>in</span> <span class='ocrx_word' id='word_1_54' title='bbox 958 912 1025 947; x_wconf 85' lang='lat' dir='ltr'>isto</span> <span class='ocrx_word' id='word_1_55' title='bbox 1052 912 1157 947; x_wconf 90' lang='lat' dir='ltr'>tertio</span> <span class='ocrx_word' id='word_1_56' title='bbox 1188 922 1249 947; x_wconf 87' lang='lat' dir='ltr'>ca—</span> 
     </span>
     <span class='ocr_line' id='line_1_9' title="bbox 72 967 1248 1018; baseline 0.001 -13"><span class='ocrx_word' id='word_1_57' title='bbox 72 971 185 1018; x_wconf 91' lang='lat' dir='ltr'>pitulo</span> <span class='ocrx_word' id='word_1_58' title='bbox 212 972 286 1017; x_wconf 84' lang='lat' dir='ltr'>agit</span> <span class='ocrx_word' id='word_1_59' title='bbox 313 976 347 1007; x_wconf 81' lang='lat' dir='ltr'>et</span> <span class='ocrx_word' id='word_1_60' title='bbox 376 976 506 1007; x_wconf 85' lang='lat' dir='ltr'>tractat</span> <span class='ocrx_word' id='word_1_61' title='bbox 533 972 577 1008; x_wconf 88' lang='lat' dir='ltr'>de</span> <span class='ocrx_word' id='word_1_62' title='bbox 603 973 796 1008; x_wconf 78' lang='lat' dir='ltr'>animabus</span> <span class='ocrx_word' id='word_1_63' title='bbox 824 967 1087 1016; x_wconf 42' lang='lat' dir='ltr'>beatificatis&amp;</span> <span class='ocrx_word' id='word_1_64' title='bbox 1111 972 1146 1006; x_wconf 92' lang='lat' dir='ltr'>in</span> <span class='ocrx_word' id='word_1_65' title='bbox 1174 971 1248 1017; x_wconf 86' lang='lat' dir='ltr'>ipsa</span> 
     </span>
     <span class='ocr_line' id='line_1_10' title="bbox 72 1031 1249 1078; baseline 0.001 -13"><span class='ocrx_word' id='word_1_66' title='bbox 72 1031 189 1077; x_wconf 81' lang='lat' dir='ltr'>gratia</span> <span class='ocrx_word' id='word_1_67' title='bbox 218 1031 444 1077; x_wconf 70' lang='lat' dir='ltr'>virginitatis.</span> <span class='ocrx_word' id='word_1_68' title='bbox 471 1033 513 1067; x_wconf 89' lang='lat' dir='ltr'>Et</span> <span class='ocrx_word' id='word_1_69' title='bbox 540 1042 700 1078; x_wconf 76' lang='lat' dir='ltr'>praeseus</span> <span class='ocrx_word' id='word_1_70' title='bbox 720 1032 918 1078; x_wconf 86' lang='lat' dir='ltr'>capitulum</span> <span class='ocrx_word' id='word_1_71' title='bbox 946 1035 1062 1078; x_wconf 86' lang='lat' dir='ltr'>potest</span> <span class='ocrx_word' id='word_1_72' title='bbox 1089 1032 1249 1067; x_wconf 78' lang='lat' dir='ltr'>breviter</span> 
     </span>
     <span class='ocr_line' id='line_1_11' title="bbox 72 1090 1247 1139; baseline 0 -13"><span class='ocrx_word' id='word_1_73' title='bbox 72 1090 179 1126; x_wconf 78' lang='lat' dir='ltr'>dividi</span> <span class='ocrx_word' id='word_1_74' title='bbox 208 1091 242 1126; x_wconf 88' lang='lat' dir='ltr'>in</span> <span class='ocrx_word' id='word_1_75' title='bbox 278 1096 438 1137; x_wconf 81' lang='lat' dir='ltr'>quatuor</span> <span class='ocrx_word' id='word_1_76' title='bbox 473 1096 595 1138; x_wconf 87' lang='lat' dir='ltr'>partes</span> <span class='ocrx_word' id='word_1_77' title='bbox 629 1093 840 1139; x_wconf 77' lang='lat' dir='ltr'>generales3</span> <span class='ocrx_word' id='word_1_78' title='bbox 875 1093 910 1128; x_wconf 93' lang='lat' dir='ltr'>in</span> <span class='ocrx_word' id='word_1_79' title='bbox 944 1103 1103 1138; x_wconf 85' lang='lat' dir='ltr'>quarum</span> <span class='ocrx_word' id='word_1_80' title='bbox 1132 1092 1247 1138; x_wconf 85' lang='lat' dir='ltr'>prima</span> 
     </span>
     <span class='ocr_line' id='line_1_12' title="bbox 72 1152 1248 1200; baseline 0 -14"><span class='ocrx_word' id='word_1_81' title='bbox 72 1155 177 1198; x_wconf 81' lang='lat' dir='ltr'>poeta</span> <span class='ocrx_word' id='word_1_82' title='bbox 205 1152 375 1187; x_wconf 80' lang='lat' dir='ltr'>describit</span> <span class='ocrx_word' id='word_1_83' title='bbox 402 1152 437 1187; x_wconf 87' lang='lat' dir='ltr'>iu</span> <span class='ocrx_word' id='word_1_84' title='bbox 464 1153 626 1199; x_wconf 80' lang='lat' dir='ltr'>generali</span> <span class='ocrx_word' id='word_1_85' title='bbox 655 1153 810 1188; x_wconf 81' lang='lat' dir='ltr'>sormam</span> <span class='ocrx_word' id='word_1_86' title='bbox 842 1157 878 1189; x_wconf 89' lang='lat' dir='ltr'>et</span> <span class='ocrx_word' id='word_1_87' title='bbox 910 1153 1106 1200; x_wconf 79' lang='lat' dir='ltr'>imaginem</span> <span class='ocrx_word' id='word_1_88' title='bbox 1135 1152 1248 1187; x_wconf 87' lang='lat' dir='ltr'>dicta—</span> 
     </span>
     <span class='ocr_line' id='line_1_13' title="bbox 72 1212 1248 1259; baseline 0.001 -13"><span class='ocrx_word' id='word_1_89' title='bbox 72 1222 156 1247; x_wconf 89' lang='lat' dir='ltr'>rum</span> <span class='ocrx_word' id='word_1_90' title='bbox 183 1212 393 1247; x_wconf 89' lang='lat' dir='ltr'>animarum</span> <span class='ocrx_word' id='word_1_91' title='bbox 421 1223 486 1258; x_wconf 90' lang='lat' dir='ltr'>per</span> <span class='ocrx_word' id='word_1_92' title='bbox 505 1213 827 1259; x_wconf 81' lang='lat' dir='ltr'>comparatiOnem.</span> <span class='ocrx_word' id='word_1_93' title='bbox 854 1213 893 1248; x_wconf 85' lang='lat' dir='ltr'>In</span> <span class='ocrx_word' id='word_1_94' title='bbox 912 1213 1071 1249; x_wconf 85' lang='lat' dir='ltr'>secunda</span> <span class='ocrx_word' id='word_1_95' title='bbox 1094 1212 1248 1258; x_wconf 82' lang='lat' dir='ltr'>alloqui-</span> 
     </span>
     <span class='ocr_line' id='line_1_14' title="bbox 72 1271 1247 1318; baseline 0.001 -12"><span class='ocrx_word' id='word_1_96' title='bbox 72 1274 134 1306; x_wconf 85' lang='lat' dir='ltr'>tur</span> <span class='ocrx_word' id='word_1_97' title='bbox 161 1271 196 1306; x_wconf 90' lang='lat' dir='ltr'>in</span> <span class='ocrx_word' id='word_1_98' title='bbox 223 1272 366 1318; x_wconf 84' lang='lat' dir='ltr'>speciali</span> <span class='ocrx_word' id='word_1_99' title='bbox 396 1283 506 1307; x_wconf 89' lang='lat' dir='ltr'>unam</span> <span class='ocrx_word' id='word_1_100' title='bbox 535 1273 694 1307; x_wconf 79' lang='lat' dir='ltr'>animam</span> <span class='ocrx_word' id='word_1_101' title='bbox 725 1273 952 1318; x_wconf 81' lang='lat' dir='ltr'>modernam,</span> <span class='ocrx_word' id='word_1_102' title='bbox 981 1283 1064 1318; x_wconf 74' lang='lat' dir='ltr'>quae</span> <span class='ocrx_word' id='word_1_103' title='bbox 1096 1273 1162 1309; x_wconf 85' lang='lat' dir='ltr'>fuit</span> <span class='ocrx_word' id='word_1_104' title='bbox 1193 1272 1247 1307; x_wconf 88' lang='lat' dir='ltr'>in-</span> 
     </span>
     <span class='ocr_line' id='line_1_15' title="bbox 71 1330 1248 1379; baseline 0.001 -13"><span class='ocrx_word' id='word_1_105' title='bbox 71 1330 200 1378; x_wconf 84' lang='lat' dir='ltr'>signita</span> <span class='ocrx_word' id='word_1_106' title='bbox 229 1332 332 1367; x_wconf 88' lang='lat' dir='ltr'>titulo</span> <span class='ocrx_word' id='word_1_107' title='bbox 361 1343 504 1379; x_wconf 82' lang='lat' dir='ltr'>magnae</span> <span class='ocrx_word' id='word_1_108' title='bbox 531 1332 703 1368; x_wconf 86' lang='lat' dir='ltr'>castitatis</span> <span class='ocrx_word' id='word_1_109' title='bbox 737 1336 772 1368; x_wconf 88' lang='lat' dir='ltr'>et</span> <span class='ocrx_word' id='word_1_110' title='bbox 804 1333 1014 1378; x_wconf 75' lang='lat' dir='ltr'>honestatis,</span> <span class='ocrx_word' id='word_1_111' title='bbox 1048 1333 1114 1367; x_wconf 90' lang='lat' dir='ltr'>ibi:</span> <span class='ocrx_word' id='word_1_112' title='bbox 1147 1336 1190 1368; x_wconf 83' lang='lat' dir='ltr'>Ec</span> <span class='ocrx_word' id='word_1_113' title='bbox 1214 1334 1248 1367; x_wconf 44' lang='lat' dir='ltr'>&#39;io</span> 
     </span>
     <span class='ocr_line' id='line_1_16' title="bbox 72 1392 1248 1438; baseline 0.002 -12"><span class='ocrx_word' id='word_1_114' title='bbox 72 1392 131 1426; x_wconf 82' lang='lat' dir='ltr'><em>all&#39;</em></span> <span class='ocrx_word' id='word_1_115' title='bbox 145 1392 279 1427; x_wconf 76' lang='lat' dir='ltr'>embra.</span> <span class='ocrx_word' id='word_1_116' title='bbox 308 1392 345 1427; x_wconf 88' lang='lat' dir='ltr'>In</span> <span class='ocrx_word' id='word_1_117' title='bbox 374 1393 480 1427; x_wconf 83' lang='lat' dir='ltr'>tertia</span> <span class='ocrx_word' id='word_1_118' title='bbox 500 1396 623 1428; x_wconf 72' lang='lat' dir='ltr'>movet</span> <span class='ocrx_word' id='word_1_119' title='bbox 645 1403 754 1427; x_wconf 89' lang='lat' dir='ltr'>unam</span> <span class='ocrx_word' id='word_1_120' title='bbox 777 1393 1015 1438; x_wconf 61' lang='lat' dir='ltr'>quaestionem</span> <span class='ocrx_word' id='word_1_121' title='bbox 1044 1393 1140 1428; x_wconf 87' lang='lat' dir='ltr'>circa</span> <span class='ocrx_word' id='word_1_122' title='bbox 1161 1403 1248 1428; x_wconf 87' lang='lat' dir='ltr'>con-</span> 
     </span>
     <span class='ocr_line' id='line_1_17' title="bbox 73 1451 1249 1498; baseline 0.003 -13"><span class='ocrx_word' id='word_1_123' title='bbox 73 1451 308 1487; x_wconf 82' lang='lat' dir='ltr'>tentationem</span> <span class='ocrx_word' id='word_1_124' title='bbox 329 1452 440 1487; x_wconf 83' lang='lat' dir='ltr'>animi</span> <span class='ocrx_word' id='word_1_125' title='bbox 460 1452 627 1497; x_wconf 80' lang='lat' dir='ltr'>beatifici,</span> <span class='ocrx_word' id='word_1_126' title='bbox 648 1452 712 1487; x_wconf 89' lang='lat' dir='ltr'>ibi:</span> <span class='ocrx_word' id='word_1_127' title='bbox 733 1455 794 1487; x_wconf 77' lang='lat' dir='ltr'>Ma</span> <span class='ocrx_word' id='word_1_128' title='bbox 812 1454 953 1488; x_wconf 71' lang='lat' dir='ltr'>climmt&#39;:</span> <span class='ocrx_word' id='word_1_129' title='bbox 973 1455 1038 1488; x_wconf 76' lang='lat' dir='ltr'>rot.</span> <span class='ocrx_word' id='word_1_130' title='bbox 1059 1454 1097 1488; x_wconf 89' lang='lat' dir='ltr'>ln</span> <span class='ocrx_word' id='word_1_131' title='bbox 1117 1457 1249 1498; x_wconf 84' lang='lat' dir='ltr'>quarta</span> 
     </span>
     <span class='ocr_line' id='line_1_18' title="bbox 71 1511 1249 1558; baseline 0.003 -13"><span class='ocrx_word' id='word_1_132' title='bbox 71 1514 105 1546; x_wconf 88' lang='lat' dir='ltr'>et</span> <span class='ocrx_word' id='word_1_133' title='bbox 134 1511 260 1546; x_wconf 86' lang='lat' dir='ltr'>ultima</span> <span class='ocrx_word' id='word_1_134' title='bbox 287 1511 380 1547; x_wconf 81' lang='lat' dir='ltr'>dicta</span> <span class='ocrx_word' id='word_1_135' title='bbox 408 1512 539 1547; x_wconf 86' lang='lat' dir='ltr'>umbra</span> <span class='ocrx_word' id='word_1_136' title='bbox 568 1513 804 1558; x_wconf 81' lang='lat' dir='ltr'>prosequitur</span> <span class='ocrx_word' id='word_1_137' title='bbox 824 1513 1072 1549; x_wconf 87' lang='lat' dir='ltr'>narrationem</span> <span class='ocrx_word' id='word_1_138' title='bbox 1100 1514 1249 1549; x_wconf 87' lang='lat' dir='ltr'>inchoa—</span> 
     </span>
     <span class='ocr_line' id='line_1_19' title="bbox 72 1570 1247 1620; baseline 0.003 -14"><span class='ocrx_word' id='word_1_139' title='bbox 72 1574 146 1607; x_wconf 87' lang='lat' dir='ltr'>tam</span> <span class='ocrx_word' id='word_1_140' title='bbox 174 1571 218 1607; x_wconf 91' lang='lat' dir='ltr'>de</span> <span class='ocrx_word' id='word_1_141' title='bbox 245 1582 283 1607; x_wconf 84' lang='lat' dir='ltr'>se</span> <span class='ocrx_word' id='word_1_142' title='bbox 316 1571 360 1607; x_wconf 88' lang='lat' dir='ltr'>ad</span> <span class='ocrx_word' id='word_1_143' title='bbox 394 1572 604 1618; x_wconf 81' lang='lat' dir='ltr'>petitionem</span> <span class='ocrx_word' id='word_1_144' title='bbox 636 1574 776 1608; x_wconf 85' lang='lat' dir='ltr'>autoris</span> <span class='ocrx_word' id='word_1_145' title='bbox 794 1570 842 1618; x_wconf 63' lang='lat'>(³),</span> <span class='ocrx_word' id='word_1_146' title='bbox 878 1577 914 1609; x_wconf 91' lang='lat' dir='ltr'>et</span> <span class='ocrx_word' id='word_1_147' title='bbox 950 1574 1104 1620; x_wconf 82' lang='lat' dir='ltr'>explicat</span> <span class='ocrx_word' id='word_1_148' title='bbox 1139 1574 1247 1609; x_wconf 81' lang='lat' dir='ltr'>aliam</span> 
     </span>
     <span class='ocr_line' id='line_1_20' title="bbox 72 1629 1248 1680; baseline 0.003 -14"><span class='ocrx_word' id='word_1_149' title='bbox 72 1631 233 1667; x_wconf 85' lang='lat' dir='ltr'>animam</span> <span class='ocrx_word' id='word_1_150' title='bbox 266 1632 443 1667; x_wconf 80' lang='lat' dir='ltr'>illustrem</span> <span class='ocrx_word' id='word_1_151' title='bbox 479 1632 639 1668; x_wconf 86' lang='lat' dir='ltr'>dotatam</span> <span class='ocrx_word' id='word_1_152' title='bbox 676 1633 827 1669; x_wconf 82' lang='lat' dir='ltr'>mirifice</span> <span class='ocrx_word' id='word_1_153' title='bbox 864 1634 971 1670; x_wconf 87' lang='lat' dir='ltr'>laude</span> <span class='ocrx_word' id='word_1_154' title='bbox 987 1629 1023 1678; x_wconf 67' lang='lat'>(4)</span> <span class='ocrx_word' id='word_1_155' title='bbox 1057 1634 1248 1680; x_wconf 68' lang='lat' dir='ltr'>pudicitiae,</span> 
     </span>
     <span class='ocr_line' id='line_1_21' title="bbox 72 1688 1249 1740; baseline 0.003 -14"><span class='ocrx_word' id='word_1_156' title='bbox 72 1691 139 1726; x_wconf 90' lang='lat' dir='ltr'>ibi:</span> <span class='ocrx_word' id='word_1_157' title='bbox 159 1694 221 1726; x_wconf 78' lang='lat' dir='ltr'>Ma</span> <span class='ocrx_word' id='word_1_158' title='bbox 238 1688 267 1726; x_wconf 70' lang='grc' dir='ltr'>εὶ</span> <span class='ocrx_word' id='word_1_159' title='bbox 285 1693 449 1736; x_wconf 67' lang='lat' dir='ltr'>com’eylt</span> <span class='ocrx_word' id='word_1_160' title='bbox 466 1694 599 1727; x_wconf 77' lang='lat' dir='ltr'>aovz‘en.</span> <span class='ocrx_word' id='word_1_161' title='bbox 620 1693 672 1728; x_wconf 89' lang='lat' dir='ltr'>Ad</span> <span class='ocrx_word' id='word_1_162' title='bbox 695 1693 851 1740; x_wconf 90' lang='lat' dir='ltr'>primam</span> <span class='ocrx_word' id='word_1_163' title='bbox 872 1694 1020 1730; x_wconf 85' lang='lat' dir='ltr'>veniens</span> <span class='ocrx_word' id='word_1_164' title='bbox 1039 1694 1131 1739; x_wconf 75' lang='lat' dir='ltr'>dico,</span> <span class='ocrx_word' id='word_1_165' title='bbox 1151 1693 1249 1739; x_wconf 90' lang='lat' dir='ltr'>quod</span> 
     </span>
     <span class='ocr_line' id='line_1_22' title="bbox 73 1750 1249 1801; baseline 0.003 -15"><span class='ocrx_word' id='word_1_166' title='bbox 73 1750 108 1787; x_wconf 91' lang='lat' dir='ltr'>in</span> <span class='ocrx_word' id='word_1_167' title='bbox 135 1751 252 1797; x_wconf 86' lang='lat' dir='ltr'>prima</span> <span class='ocrx_word' id='word_1_168' title='bbox 283 1754 386 1797; x_wconf 87' lang='lat' dir='ltr'>parte</span> <span class='ocrx_word' id='word_1_169' title='bbox 420 1756 526 1798; x_wconf 85' lang='lat' dir='ltr'>poeta</span> <span class='ocrx_word' id='word_1_170' title='bbox 557 1752 728 1789; x_wconf 83' lang='lat' dir='ltr'>describit</span> <span class='ocrx_word' id='word_1_171' title='bbox 761 1754 796 1789; x_wconf 90' lang='lat' dir='ltr'>in</span> <span class='ocrx_word' id='word_1_172' title='bbox 829 1754 990 1801; x_wconf 85' lang='lat' dir='ltr'>generali</span> <span class='ocrx_word' id='word_1_173' title='bbox 1029 1754 1184 1789; x_wconf 83' lang='lat' dir='ltr'>formam</span> <span class='ocrx_word' id='word_1_174' title='bbox 1214 1757 1249 1790; x_wconf 90' lang='lat' dir='ltr'>et</span> 
     </span>
     <span class='ocr_line' id='line_1_23' title="bbox 73 1810 1249 1861; baseline 0.004 -16"><span class='ocrx_word' id='word_1_175' title='bbox 73 1810 270 1857; x_wconf 80' lang='lat' dir='ltr'>imaginem</span> <span class='ocrx_word' id='word_1_176' title='bbox 298 1811 507 1847; x_wconf 87' lang='lat' dir='ltr'>animarum</span> <span class='ocrx_word' id='word_1_177' title='bbox 530 1814 785 1859; x_wconf 85' lang='lat' dir='ltr'>apparentium</span> <span class='ocrx_word' id='word_1_178' title='bbox 806 1815 842 1850; x_wconf 93' lang='lat' dir='ltr'>in</span> <span class='ocrx_word' id='word_1_179' title='bbox 864 1825 1019 1861; x_wconf 87' lang='lat' dir='ltr'>corpore</span> <span class='ocrx_word' id='word_1_180' title='bbox 1038 1815 1146 1859; x_wconf 82' lang='lat' dir='ltr'>luuae,</span> <span class='ocrx_word' id='word_1_181' title='bbox 1166 1824 1249 1860; x_wconf 84' lang='lat' dir='ltr'>quae</span> 
     </span>
     <span class='ocr_line' id='line_1_24' title="bbox 73 1870 1248 1921; baseline 0.003 -15"><span class='ocrx_word' id='word_1_182' title='bbox 73 1870 218 1907; x_wconf 85' lang='lat' dir='ltr'>inclinat</span> <span class='ocrx_word' id='word_1_183' title='bbox 253 1871 425 1906; x_wconf 83' lang='lat' dir='ltr'>mulieres</span> <span class='ocrx_word' id='word_1_184' title='bbox 457 1883 522 1907; x_wconf 83' lang='lat' dir='ltr'>sua</span> <span class='ocrx_word' id='word_1_185' title='bbox 557 1872 743 1909; x_wconf 81' lang='lat' dir='ltr'>influentia</span> <span class='ocrx_word' id='word_1_186' title='bbox 775 1874 820 1910; x_wconf 84' lang='lat' dir='ltr'>ad</span> <span class='ocrx_word' id='word_1_187' title='bbox 848 1875 1119 1921; x_wconf 72' lang='lat' dir='ltr'>virginitatem3</span> <span class='ocrx_word' id='word_1_188' title='bbox 1152 1874 1248 1909; x_wconf 90' lang='lat' dir='ltr'>unde</span> 
     </span>
     <span class='ocr_line' id='line_1_25' title="bbox 73 1931 1249 1980; baseline 0.003 -15"><span class='ocrx_word' id='word_1_189' title='bbox 73 1931 267 1977; x_wconf 78' lang='lat' dir='ltr'>Virgilius:</span> <span class='ocrx_word' id='word_1_190' title='bbox 299 1933 402 1966; x_wconf 80' lang='lat' dir='ltr'>Casta</span> <span class='ocrx_word' id='word_1_191' title='bbox 434 1934 515 1977; x_wconf 75' lang='lat' dir='ltr'>save</span> <span class='ocrx_word' id='word_1_192' title='bbox 542 1935 670 1967; x_wconf 74' lang='lat' dir='ltr'>Lucina</span> <span class='ocrx_word' id='word_1_193' title='bbox 706 1937 775 1969; x_wconf 85' lang='lat' dir='ltr'>etc.</span> <span class='ocrx_word' id='word_1_194' title='bbox 811 1934 881 1970; x_wconf 86' lang='lat' dir='ltr'>Sed</span> <span class='ocrx_word' id='word_1_195' title='bbox 918 1935 1035 1980; x_wconf 90' lang='lat' dir='ltr'>primo</span> <span class='ocrx_word' id='word_1_196' title='bbox 1063 1933 1249 1980; x_wconf 81' lang='lat' dir='ltr'>praemittit</span> 
     </span>
     <span class='ocr_line' id='line_1_26' title="bbox 73 1990 1248 2039; baseline 0.003 -14"><span class='ocrx_word' id='word_1_197' title='bbox 73 1990 383 2026; x_wconf 82' lang='lat' dir='ltr'>continuationem</span> <span class='ocrx_word' id='word_1_198' title='bbox 403 1991 447 2026; x_wconf 85' lang='lat' dir='ltr'>ad</span> <span class='ocrx_word' id='word_1_199' title='bbox 470 1992 724 2038; x_wconf 56' lang='lat' dir='ltr'>praecedentia,</span> <span class='ocrx_word' id='word_1_200' title='bbox 744 1993 887 2029; x_wconf 85' lang='lat' dir='ltr'>dicens:</span> <span class='ocrx_word' id='word_1_201' title='bbox 912 1996 996 2036; x_wconf 76' lang='lat' dir='ltr'>Quel</span> <span class='ocrx_word' id='word_1_202' title='bbox 1015 1995 1081 2037; x_wconf 79' lang='lat' dir='ltr'>sol,</span> <span class='ocrx_word' id='word_1_203' title='bbox 1103 1994 1248 2039; x_wconf 77' lang='lat' dir='ltr'>scilicet,</span> 
     </span>
     <span class='ocr_line' id='line_1_27' title="bbox 73 2050 1249 2098; baseline 0.003 -13"><span class='ocrx_word' id='word_1_204' title='bbox 73 2050 231 2096; x_wconf 77' lang='lat' dir='ltr'>Beatrix‚</span> <span class='ocrx_word' id='word_1_205' title='bbox 258 2061 369 2096; x_wconf 86' lang='lat' dir='ltr'>quam</span> <span class='ocrx_word' id='word_1_206' title='bbox 399 2051 492 2087; x_wconf 90' lang='lat' dir='ltr'>bene</span> <span class='ocrx_word' id='word_1_207' title='bbox 518 2052 674 2097; x_wconf 83' lang='lat' dir='ltr'>appellat</span> <span class='ocrx_word' id='word_1_208' title='bbox 700 2053 836 2098; x_wconf 75' lang='lat' dir='ltr'>solem3</span> <span class='ocrx_word' id='word_1_209' title='bbox 860 2064 943 2088; x_wconf 87' lang='lat' dir='ltr'>nam</span> <span class='ocrx_word' id='word_1_210' title='bbox 968 2053 995 2089; x_wconf 92' lang='lat' dir='ltr'>si</span> <span class='ocrx_word' id='word_1_211' title='bbox 1023 2054 1157 2089; x_wconf 83' lang='lat' dir='ltr'>Dantes</span> <span class='ocrx_word' id='word_1_212' title='bbox 1185 2064 1249 2089; x_wconf 87' lang='lat' dir='ltr'>vo—</span> 
     </span>
     <span class='ocr_line' id='line_1_28' title="bbox 74 2110 1249 2159; baseline 0.003 -15"><span class='ocrx_word' id='word_1_213' title='bbox 74 2110 168 2145; x_wconf 80' lang='lat' dir='ltr'>cavit</span> <span class='ocrx_word' id='word_1_214' title='bbox 194 2110 390 2156; x_wconf 86' lang='lat' dir='ltr'>aliquando</span> <span class='ocrx_word' id='word_1_215' title='bbox 417 2110 607 2158; x_wconf 79' lang='lat' dir='ltr'>Virgilium</span> <span class='ocrx_word' id='word_1_216' title='bbox 636 2115 781 2157; x_wconf 86' lang='lat' dir='ltr'>poetam</span> <span class='ocrx_word' id='word_1_217' title='bbox 809 2123 993 2159; x_wconf 83' lang='lat' dir='ltr'>paganum</span> <span class='ocrx_word' id='word_1_218' title='bbox 1023 2114 1137 2149; x_wconf 87' lang='lat' dir='ltr'>solem</span> <span class='ocrx_word' id='word_1_219' title='bbox 1166 2114 1249 2149; x_wconf 89' lang='lat' dir='ltr'>illu-</span> 
     </span>
     <span class='ocr_line' id='line_1_29' title="bbox 74 2169 1249 2218; baseline 0.004 -14"><span class='ocrx_word' id='word_1_220' title='bbox 74 2169 273 2205; x_wconf 83' lang='lat' dir='ltr'>minantem</span> <span class='ocrx_word' id='word_1_221' title='bbox 295 2174 455 2206; x_wconf 90' lang='lat' dir='ltr'>mentem</span> <span class='ocrx_word' id='word_1_222' title='bbox 476 2171 554 2206; x_wconf 92' lang='lat' dir='ltr'>eius</span> <span class='ocrx_word' id='word_1_223' title='bbox 574 2171 669 2206; x_wconf 86' lang='lat' dir='ltr'>circa</span> <span class='ocrx_word' id='word_1_224' title='bbox 685 2172 862 2207; x_wconf 79' lang='lat' dir='ltr'>naturalia</span> <span class='ocrx_word' id='word_1_225' title='bbox 880 2178 915 2209; x_wconf 92' lang='lat' dir='ltr'>et</span> <span class='ocrx_word' id='word_1_226' title='bbox 931 2173 1094 2218; x_wconf 78' lang='lat' dir='ltr'>moralia,</span> <span class='ocrx_word' id='word_1_227' title='bbox 1111 2177 1249 2218; x_wconf 81' lang='lat' dir='ltr'>quanto</span> 
     </span>
    </p>
   </div>
   <div class='ocr_carea' id='block_1_4' title="bbox 88 2238 896 2244">
    <p class='ocr_par' dir='ltr' id='par_1_4' title="bbox 88 2238 896 2244">
     <span class='ocr_line' id='line_1_30' title="bbox 88 2238 896 2244; baseline 0 0"><span class='ocrx_word' id='word_1_228' title='bbox 88 2238 896 2244; x_wconf 95' lang='lat' dir='ltr'> </span> 
     </span>
    </p>
   </div>
   <div class='ocr_carea' id='block_1_5' title="bbox 179 2264 963 2333">
    <p class='ocr_par' dir='ltr' id='par_1_5' title="bbox 179 2264 963 2333">
     <span class='ocr_line' id='line_1_31' title="bbox 181 2264 963 2295; baseline 0.004 -9"><span class='ocrx_word' id='word_1_229' title='bbox 181 2265 203 2291; x_wconf 63' lang='grc'>4,</span> <span class='ocrx_word' id='word_1_230' title='bbox 221 2267 415 2294; x_wconf 79' lang='lat' dir='ltr'>consequenter.</span> <span class='ocrx_word' id='word_1_231' title='bbox 748 2264 773 2295; x_wconf 79' lang='lat'>(²)</span> <span class='ocrx_word' id='word_1_232' title='bbox 792 2266 816 2289; x_wconf 89' lang='lat' dir='ltr'>S.</span> <span class='ocrx_word' id='word_1_233' title='bbox 835 2266 963 2289; x_wconf 75' lang='lat' dir='ltr'>beatificis.</span> 
     </span>
     <span class='ocr_line' id='line_1_32' title="bbox 179 2301 962 2333; baseline 0.004 -9"><span class='ocrx_word' id='word_1_234' title='bbox 179 2301 209 2324; x_wconf 82' lang='lat' dir='ltr'>E.</span> <span class='ocrx_word' id='word_1_235' title='bbox 227 2302 323 2325; x_wconf 80' lang='lat' dir='ltr'>autoris</span> <span class='ocrx_word' id='word_1_236' title='bbox 339 2303 382 2333; x_wconf 89' lang='lat' dir='ltr'>qui</span> <span class='ocrx_word' id='word_1_237' title='bbox 399 2302 518 2333; x_wconf 79' lang='lat' dir='ltr'>explicat.</span> <span class='ocrx_word' id='word_1_238' title='bbox 748 2304 772 2333; x_wconf 82' lang='lat'>(⁴)</span> <span class='ocrx_word' id='word_1_239' title='bbox 790 2305 820 2328; x_wconf 84' lang='lat' dir='ltr'>E.</span> <span class='ocrx_word' id='word_1_240' title='bbox 837 2304 962 2328; x_wconf 83' lang='lat' dir='ltr'>laudibus.</span> 
     </span>
    </p>
   </div>
   <div class='ocr_carea' id='block_1_6' title="bbox 136 2262 163 2331">
    <p class='ocr_par' dir='ltr' id='par_1_6' title="bbox 136 2262 163 2331">
     <span class='ocr_line' id='line_1_33' title="bbox 136 2262 163 2292; baseline -0.037 0"><span class='ocrx_word' id='word_1_241' title='bbox 136 2262 163 2292; x_wconf 85' lang='lat'>(¹)</span> 
     </span>
     <span class='ocr_line' id='line_1_34' title="bbox 136 2300 162 2331; baseline 0.038 -1"><span class='ocrx_word' id='word_1_242' title='bbox 136 2300 162 2331; x_wconf 86' lang='lat'>(⁸)</span> 
     </span>
    </p>
   </div>
  </div>
 </body>
</html>
