1737 2836
393 223 529 249 CAR-Tus
557 225 748 250 molismus
774 225 914 250 PRIMUS.
1213 221 1232 251 9

68 295 250 342 frigidum,
278 296 338 331 sed
371 307 392 331 a
424 297 521 331 nube
554 297 644 332 nivis
675 297 862 344 egreditur
896 298 1090 343 paulatim3
1123 308 1235 344 vapor

67 356 176 391 etiam
204 356 305 400 nivis,
334 356 492 390 multum
521 356 629 392 habet
659 357 704 392 de
740 357 902 392 terrestri
929 357 1110 402 admixto,
1141 358 1235 393 unde

65 425 161 460 aqua
189 415 279 449 nivis
307 425 378 450 uon
405 418 458 450 est
485 426 588 460 pura,
617 416 690 450 imo
722 417 934 461 perniciosa,
969 418 1030 453 sed
1066 418 1235 453 secundat

67 474 224 508 multum
255 478 380 509 terras.
409 474 499 509 Dicit
526 484 614 520 ergo
639 475 791 510 Statius:
812 486 898 511 vere
917 477 973 512 hic
993 477 1090 512 nulla
1110 480 1161 512 est
1181 477 1234 512 al-

66 533 207 578 teratio,
224 532 350 577 perche*
366 543 435 567 non
450 535 607 577 piog‘sffl'a,
626 545 695 568 non
714 536 868 578 wando,
887 546 953 569 non
975 547 1069 579 neve,
1085 547 1154 571 non
1172 547 1234 571 ro-

65 594 187 637 macla,
207 603 276 627 non
298 593 399 627 brino
421 595 506 627 cade
526 591 588 637 piet
615 604 654 628 su
681 595 739 628 che
765 596 801 628 [α
822 596 962 628 scalena
985 596 1098 639 breve,
1117 598 1168 630 de*
1184 600 1234 630 Ire

65 653 184 695 yradc',
212 662 293 697 quae
320 652 419 687 ducit
451 653 494 687 ad
529 657 671 698 portam
703 653 915 699 purgatorii,
948 657 988 688 ut
1020 654 1111 689 infra
1138 655 1232 689 dicit.

66 712 108 747 Et
134 712 190 747 hic
218 715 301 746 nota
330 712 427 757 quod
454 712 547 747 sicut
579 713 689 758 aliqui
724 714 861 758 volunt,
890 724 1043 759 vapores
1071 714 1131 758 qui
1160 715 1234 749 ele-

65 776 198 808 vantur
225 783 245 807 a
273 772 358 816 sole,
387 783 431 807 ex
460 772 591 817 quibus
618 773 751 818 pluvia,
780 773 851 818 nix,
879 773 1029 819 grando,
1055 778 1090 809 et
1117 773 1234 808 omnis

64 842 173 868 aerea
206 831 393 876 impressio
426 835 637 877 generatur,
671 833 716 867 ad
749 833 828 878 plus
865 833 1016 868 tendunt
1052 833 1085 867 in
1118 833 1233 867 altum

63 902 128 938 per
155 894 237 926 octo
273 891 448 935 milliaria,
482 895 517 927 et
553 892 598 926 ab
631 892 712 927 inde
746 903 854 938 supra
883 903 954 927 non
982 893 1019 927 tit
1046 893 1233 939 generatio

64 951 195 996 aliqua.
227 951 267 985 Et
295 951 406 996 tangit
435 952 627 986 materiam
656 952 835 987 dictarum
864 952 1156 998 impressionum,
1181 953 1235 987 di-

63 1022 167 1046 cens:
197 1012 318 1045 nitrole
344 1021 457 1054 spesse
475 1022 543 1045 non
561 1013 683 1055 paeon,
703 1012 802 1057 idest,
824 1022 895 1047 nou
922 1016 1097 1057 apparent
1120 1012 1233 1057 uobis,

63 1068 108 1105 ne*
129 1072 230 1114 rade,
250 1067 295 1105 ne*
312 1081 532 1114 corruscare,
555 1071 640 1116 quia
664 1071 754 1117 iguis
771 1068 805 1115 U)
828 1072 980 1118 fulguris
1008 1072 1044 1106 fit
1072 1072 1232 1107 inclusus

65 1130 100 1165 in
121 1130 272 1165 humido
290 1140 419 1175 aqueo.
441 1131 482 1165 Et
502 1131 613 1177 tangit
632 1131 797 1165 subtilius
816 1131 923 1166 aliam
946 1132 1232 1177 impressionem,

64 1190 203 1225 dicens:
232 1188 275 1224 ne*
300 1191 399 1234 fiylia
429 1191 465 1224 cli
501 1193 700 1233 Taumante,
733 1191 832 1235 idest,
864 1190 940 1235 Iris,
968 1201 1050 1235 quae
1082 1194 1233 1226 vocatur

63 1260 171 1285 arcus
190 1249 364 1295 pluvialis.
385 1250 436 1284 Ad
456 1251 553 1295 quod
577 1254 660 1285 nota
681 1250 777 1295 quod
796 1251 859 1285 Iris
881 1254 933 1286 est
953 1251 1067 1286 nubes
1086 1251 1148 1286 soli
1169 1261 1234 1296 op-

64 1309 189 1355 posita,
219 1309 325 1344 radiis
343 1305 376 1353 (²)
406 1309 488 1344 solis
516 1310 760 1354 multipliciter
787 1310 990 1345 informata.
1020 1310 1140 1345 Poetae
1166 1320 1234 1344 au-

64 1372 138 1404 tem
161 1369 303 1414 11030οῖ
324 1369 454 1404 iridem
476 1369 584 1404 fuisse
604 1369 712 1404 filiam
733 1370 987 1414 Thaumantis,
1009 1380 1091 1404 nam
1112 1370 1233 1404 Thau-

64 1439 143 1464 mas
165 1438 296 1474 graece,
317 1429 425 1464 latine
452 1429 712 1474 interpretatur
741 1429 931 1473 mirabilis,
958 1433 993 1464 et
1020 1429 1096 1464 sine
1122 1429 1232 1464 dubio

65 1498 122 1524 res
149 1488 321 1523 mirabilis
348 1491 412 1532 est,
440 1491 475 1523 et
503 1488 674 1522 mirabilis
690 1483 725 1531 U)
753 1491 902 1533 apparet
936 1488 1049 1523 oculis
1081 1489 1233 1532 nostris;

63 1551 99 1583 et
125 1547 227 1582 dicit:
248 1549 306 1581 che
332 1548 368 1581 (It
389 1542 435 1590 Ιά,
459 1547 559 1591 idest,
582 1557 664 1592 quae
683 1547 747 1581 Iris
769 1547 804 1581 in
835 1547 972 1582 mundo
998 1550 1130 1591 vestro,
1150 1558 1234 1581 can-

62 1609 122 1651 yia
152 1611 288 1641 sovente
321 1608 500 1650 contrade,
534 1607 634 1651 idest,
664 1610 780 1641 mutat
816 1617 911 1652 saepe
948 1607 1125 1653 regiones.
1160 1607 1234 1641 Hoc

64 1666 143 1702 ideo
170 1666 264 1712 dicit,
292 1666 376 1711 quia
404 1666 431 1701 si
460 1666 523 1701 Iris
550 1670 700 1712 apparet
728 1667 762 1701 in
786 1677 905 1711 mane,
928 1667 1073 1701 videtur
1099 1667 1145 1701 ab
1172 1677 1234 1701 oc—

63 1726 216 1770 cidente,
244 1726 271 1760 si
299 1726 332 1760 in
365 1726 525 1771 vesperis
561 1726 595 1760 in
627 1726 967 1761 oriente—Sacro.
1001 1726 1064 1761 Hie
1099 1726 1234 1760 Statius

64 1785 175 1831 tangit
210 1785 385 1821 rationem
421 1785 626 1820 naturalem
659 1785 756 1820 venti
793 1789 828 1820 et
863 1788 1113 1820 terraemotus:
1148 1795 1232 1820 nam

65 1847 194 1879 ventus
222 1847 275 1879 est
302 1854 414 1889 vapor
442 1844 558 1879 siccus
589 1848 625 1879 et
656 1844 793 1879 subtilis
825 1845 987 1880 elevatus
1018 1856 1039 1880 a
1071 1845 1165 1889 sole3
1198 1848 1233 1880 et

64 1906 296 1939 terraemotus
325 1903 361 1937 [it
389 1903 534 1948 quando
562 1907 691 1938 ventus
711 1904 819 1939 intrat
839 1905 977 1939 viscera
998 1908 1105 1939 terrae
1125 1908 1160 1939 et
1179 1904 1233 1938 iu-

63 1966 273 1998 carceratus
301 1974 372 1997 non
406 1966 522 2008 potest
558 1962 678 1997 exire:
708 1963 786 1997 ideo
815 1963 991 1998 violenter
1024 1967 1234 1998 commovet

64 2025 200 2057 terram
228 2026 263 2057 et
278 2017 313 2066 ff)
344 2026 503 2057 tremere
531 2022 623 2057 facit.
651 2022 741 2057 Dicit
767 2033 874 2068 ergo:
903 2025 1005 2058 Secco
1035 2034 1145 2068 vapor
1164 2034 1234 2058 non

62 2092 166 2125 sorge
199 2079 260 2126 ριίἰ
299 2086 437 2125 (manle,
478 2082 578 2126 idest,
620 2081 734 2127 magis
771 2092 930 2127 sursum,
964 2083 1013 2116 cll
1027 2084 1065 2117 al
1100 2093 1233 2117 somnm

64 2141 114 2175 ἅθ’
130 2144 180 2175 lre
197 2142 314 2185 yrctclt',
335 2141 428 2176 illius
456 2142 575 2176 brevis
597 2141 713 2186 scalae,
741 2142 790 2175 cle’
804 2143 838 2176 io
853 2143 985 2186 parlat,
1005 2153 1114 2187 supra
1134 2143 1233 2187 capi-

146 2236 151 2261 )
170 2234 198 2256 Ε.
216 2234 279 2263 ignis
297 2234 323 2257 fit
342 2235 462 2258 inclusus.
619 2233 645 2263 (²)
663 2234 692 2257 E.
710 2237 733 2258 et
752 2235 828 2257 radiis
846 2235 980 2258 solaribus

145 2273 151 2300 J
170 2271 198 2294 Ε.
217 2272 366 2296 mirabilior.
621 2272 646 2300 (Ὃ
664 2273 693 2296 Ε.
709 2275 735 2296 et
752 2272 813 2296 facit
829 2280 886 2296 eam
904 2275 1024 2296 tremere.
1043 2273 1117 2296 Dicit.

125 2233 143 2299 {2
