1737 2836
492 216 631 243 CANTUS
658 217 802 242 SEXTUS.
1166 211 1235 241 447

63 291 217 324 matrem
236 285 271 332 (¹)
301 289 417 324 Crassi
446 292 481 325 et
501 289 628 333 filiam3
649 299 720 324 nou
744 288 865 323 timuit
884 289 1001 324 Deum
1023 298 1089 324 nec
1109 291 1238 324 terrae-

61 352 215 383 motum.
239 349 281 383 Et
300 352 340 383 ut
359 349 429 384 cito
448 349 676 394 concludam,
697 349 817 385 Caesar
841 348 966 383 habuit
991 348 1129 384 maiora
1151 348 1237 384 vitia

61 411 97 443 et
115 408 273 444 maiores
293 409 445 444 virtutes
464 420 575 454 quam
597 409 792 454 Pompeius
813 419 983 453 maguus,
999 408 1060 444 sed
1081 412 1238 454 uterque

62 469 206 514 petebat
225 479 395 515 regnum,
421 473 577 514 uterque
593 469 757 515 ingratus
777 469 913 514 patriae,
933 473 1092 514 uterque
1105 469 1239 504 obscu-

63 530 155 565 ravit
182 530 334 577 gloriam
365 529 498 575 patris,
526 533 562 564 et
588 532 690 575 pater
709 528 870 574 Pompeii
894 529 1088 574 Pompeius
1107 529 1238 564 Strabo

62 590 212 625 fulmine
241 600 434 636 percussus
462 593 525 625 est.
546 610 594 614 —
611 591 655 624 Di
681 590 836 633 quelche
853 591 898 634 fe.
928 589 990 624 Hic
1016 589 1239 624 Justinianus

62 661 146 686 cum
171 650 308 696 optimo
327 650 454 685 ordine
473 650 690 685 transcurrit
709 649 830 694 aliqua
859 649 953 684 bella
974 649 1090 684 civilia
1115 653 1151 684 et
1174 650 1239 684 ho-

62 710 153 745 stilia
180 710 331 746 Caesaris
358 710 523 756 Augusti,
551 710 612 755 qui
641 709 706 744 suit
733 709 826 744 filius
853 709 1044 754 adoptivus
1066 712 1102 744 et
1121 709 1239 744 haeres

64 770 226 806 Caesaris.
253 770 304 805 Ad
325 781 483 815 quorum
512 770 755 816 cognitionem
785 773 838 805 est
858 769 1018 805 breviter
1037 769 1238 813 sciendum,

63 830 171 876 quod,
191 830 283 865 sicut
306 833 423 876 potest
441 830 558 876 colligi
579 840 622 865 ex
643 830 761 875 Floro,
782 829 898 864 Tullio
917 833 952 865 et
978 829 1067 874 aliis,
1092 833 1240 864 mortuo

63 891 216 935 Caesare,
245 890 354 925 Gaius
373 890 544 925 Octavius
561 890 707 936 Juvenis
734 890 860 925 decem
881 893 962 925 octo
980 885 1015 933 (²)
1043 899 1240 933 annorum,

64 951 125 996 qui
146 950 313 986 studebat
329 951 363 985 in
378 950 529 995 Grfecia,
545 950 713 985 celeriter
732 950 829 985 veuit
848 950 1023 994 Romam,
1041 949 1100 984 ubi
1119 948 1238 984 statim

64 1012 206 1046 Marcus
228 1011 403 1046 Antonius
422 1011 487 1045 suit
507 1011 570 1045 sibi
591 1010 753 1054 infestus,
777 1010 862 1055 quia
881 1009 1051 1045 Octavius
1071 1012 1149 1045 erat
1168 1009 1242 1055 pri-

64 1082 146 1106 mus
162 1073 279 1107 haeres
295 1075 513 1107 testamento
525 1071 693 1115 Caesaris;
706 1080 821 1116 quare
832 1070 876 1105 ad
888 1069 1169 1116 opprimendum
1180 1069 1242 1115 ju-

66 1141 195 1166 venem
209 1131 317 1177 coepit
332 1141 483 1167 movere
498 1131 646 1175 bellum,
659 1141 743 1166 cum
760 1133 908 1165 senatus
923 1130 1061 1165 faveret
1072 1129 1239 1173 Octavio,

68 1194 103 1226 et
115 1186 150 1235 (3)
162 1192 239 1237 jam
260 1195 387 1237 parato
406 1192 567 1227 exercitu
586 1191 619 1225 in
639 1191 789 1226 Galliam
811 1190 1018 1236 cisalpinam
1038 1190 1239 1225 circumse-

65 1251 115 1286 dit
134 1251 307 1286 Mutinam
329 1252 620 1287 ssorentissimam
641 1251 821 1286 coloniam
843 1250 902 1285 ubi
923 1254 1001 1286 erat
1017 1250 1187 1286 Decimus
1205 1244 1239 1293 (ἢ

65 1312 215 1357 Brutus3
232 1311 293 1347 sed
308 1312 478 1347 Octavius
493 1315 528 1347 et
543 1312 616 1347 duo
631 1312 799 1346 consules
815 1311 950 1346 Hirtius
966 1315 1000 1346 et
1016 1311 1130 1346 Pansa
1147 1310 1243 1345 missi

66 1383 86 1407 a
102 1375 230 1407 senatu
243 1372 658 1407 liberaveruntBrutum
676 1372 820 1407 duobus
836 1371 971 1417 proeliis
986 1371 1094 1406 tertio
1107 1380 1243 1414 mense,

65 1436 102 1467 et
130 1435 288 1476 utroque
315 1432 465 1467 consule
493 1432 624 1477 occiso,
644 1432 815 1467 Octavius
836 1432 950 1466 victor
971 1432 1069 1466 solus
1089 1430 1243 1465 obtinuit

66 1496 139 1528 tres
166 1492 350 1527 exercitus
375 1492 494 1527 adime
523 1493 708 1538 privatus:
734 1492 911 1526 Antonius
930 1492 1102 1527 exclusus
1124 1502 1145 1526 a
1166 1492 1245 1526 Mu-

68 1552 141 1587 tina
169 1552 374 1587 fidelissima
402 1552 543 1588 colonia
572 1555 740 1598 receptus
768 1552 802 1586 in
830 1552 963 1587 Parma
995 1551 1245 1587 crudelissime

67 1612 260 1647 trucidavit
287 1623 498 1658 parmenses
526 1612 622 1647 viros
650 1612 805 1658 optimos
832 1615 867 1648 et
890 1611 1160 1647 honestissimos
1178 1611 1245 1646 ho—

67 1671 183 1707 mines
210 1682 295 1707 curn
324 1672 429 1707 Lutio
457 1672 611 1707 Antonio
640 1672 752 1707 fratre
781 1682 868 1716 suo,
895 1672 959 1706 suit
978 1672 1075 1707 euim
1103 1672 1246 1706 Marcus

68 1732 245 1767 Antonius
272 1732 440 1777 crudelis,
469 1733 685 1777 vinolentus,
714 1743 886 1778 praeceps,
914 1732 1097 1779 prodigus,
1119 1742 1245 1767 vorax.

71 1793 197 1827 Postea
234 1792 410 1827 Antonius
446 1796 482 1828 et
516 1793 686 1828 Octavius
723 1793 922 1828 concordes
962 1792 1042 1828 sacti
1080 1793 1246 1828 vicerunt

69 1853 233 1887 Marcum
261 1852 418 1886 Brutum
446 1856 482 1888 et
508 1852 637 1887 Gaium
667 1852 830 1888 Cassium
860 1852 895 1886 in
925 1852 1117 1896 Thessalia,
1154 1851 1247 1886 sicut

70 1912 245 1957 scriptum
274 1915 327 1947 est
345 1912 477 1947 Inferni
497 1912 655 1958 capitulo
675 1912 814 1947 ultimo.
835 1911 1006 1946 Octavius
1027 1911 1152 1946 relicto
1174 1910 1248 1944 An—

71 1972 168 2007 tonio
195 1972 230 2006 in
257 1972 398 2007 oriente
418 1972 515 2007 veuit
542 1972 577 2006 iu
605 1972 755 2015 Italiam,
775 1974 811 2006 et
833 1982 917 2006 eum
941 1970 1118 2005 divideret
1138 1980 1248 2016 agros

71 2032 144 2067 suis
172 2033 365 2078 veteranis,
393 2033 519 2067 Lutius
546 2032 723 2067 Antonius
751 2031 806 2067 vir
834 2030 977 2076 pessimi
1002 2030 1147 2077 ingenii,
1168 2030 1249 2065 imi—

73 2095 166 2127 tator
194 2092 314 2127 sratris
337 2093 371 2127 in
392 2093 608 2136 temeritate,
630 2092 800 2128 incitante
819 2091 945 2126 Fulvia
968 2101 1086 2126 uxore
1106 2090 1247 2126 Antonii

72 2152 163 2187 virili
184 2152 330 2188 soemiua
353 2153 462 2198 coepit
480 2163 631 2188 movere
650 2152 786 2187 bellum
806 2154 932 2187 contra
947 2151 1137 2186 Octavium
1161 2162 1247 2186 cum

134 2244 161 2273 (¹)
179 2244 209 2267 E.
227 2251 335 2268 uxorem
352 2244 442 2268 Crassi.
633 2245 658 2273 (⁵)
677 2248 698 2273 Ἰἰ,
716 2245 806 2268 decem
823 2252 915 2269 novem
933 2252 1069 2269 annorum.

135 2282 160 2310 ·.³)
179 2282 209 2306 E.
225 2285 251 2306 et
268 2283 325 2307 ideo
343 2287 432 2313 parato
449 2285 564 2308 exercitu
581 2285 607 2307 in
624 2284 703 2307 Gallia
722 2284 851 2314 cisalpina.
993 2284 1019 2313 (¹)
1037 2284 1066 2307 E.
1085 2284 1185 2308 Decius.
