1766 2856
525 238 569 269 74
890 246 1092 273 COMENTEM
1118 248 1335 274 PL‘RGATORII

519 315 567 352 ita
595 317 692 362 quod
718 322 895 361 μθηίιιεσα,
922 318 997 354 sive
1024 319 1218 365 genucula,
1239 321 1323 356 dicit
1342 321 1398 357 hic
1417 322 1695 360 diminutionem

520 376 554 410 in
582 378 767 422 qualitate,
797 388 868 413 non
897 378 932 413 in
959 379 1162 424 quantitate
1189 381 1246 416 vel
1274 392 1440 417 numero.
1466 383 1508 418 Et
1535 384 1639 420 dicit:
1663 380 1699 420 Ιά

518 438 618 471 ου’θί
642 439 752 472 sentia
793 439 827 472 la
855 439 966 483 playa
999 440 1090 474 della
1120 442 1295 485 ῃίῑιςῐῖῑ-ἰα,
1331 443 1389 476 che
1418 439 1447 477 εὶ
1483 444 1507 478 li
1530 446 1695 490 piluma,-

517 497 620 541 quasi
653 496 758 542 dicat,
786 497 833 532 ibi
868 509 981 545 prope
1011 500 1195 545 arborem,
1225 502 1287 536 ubi
1319 503 1497 539 sentiebat
1532 515 1692 550 poenam7

518 566 601 600 quae
635 557 734 602 Juste
768 562 931 594 macerat
965 569 1037 595 eos.
1066 559 1130 595 Vel
1161 560 1229 605 dic,
1257 563 1314 605 ibi,
1340 562 1430 598 idest
1464 563 1501 598 in
1534 568 1647 610 gustu
1673 576 1695 601 a

516 619 668 661 gutture
694 628 855 663 sursum,
883 619 944 654 ubi
972 619 1150 655 sentiebat
1177 621 1383 656 cruciatum
1412 622 1516 658 famis
1543 627 1579 659 et
1605 624 1691 660 sitis.

517 677 559 711 Et
593 677 692 722 ponit
724 678 934 723 petitionem
969 690 1074 714 suam
1109 680 1153 715 ad
1189 680 1467 728 Bouagiuntam,
1502 683 1644 720 dicens:
1672 695 1693 719 ο

517 738 650 780 aalma,
677 738 818 781 de'ss'z'o,
845 740 904 773 elce
935 750 1006 783 par
1037 735 1066 773 si
1096 750 1201 784 Γηρᾶ,
1229 741 1329 787 idest,
1352 743 1469 789 avida,
1503 746 1540 779 (Ιί
1562 746 1692 789 par-lar

518 808 624 841 meco,
661 799 712 842 fa'
732 795 761 832 si
800 799 898 833 cle’to
938 801 959 834 ff
979 801 1132 844 intendo,
1174 801 1258 846 quia
1300 804 1559 840 murmurabat
1598 805 1694 840 intra

516 857 652 902 dentes,
681 858 728 892 ita
756 858 854 902 quod
882 869 954 893 non
980 863 1124 904 poterat
1151 860 1309 907 intelligi,
1344 862 1425 898 ideo
1452 863 1557 898 dicit:
1586 875 1603 898 e
1629 874 1695 909 αμ-

511 928 622 961 pagya,
651 917 740 952 idest
781 917 904 962 quieta
946 922 981 954 te
1020 923 1056 954 et
1091 930 1162 964 me,
1190 922 1245 955 col
1282 925 1339 956 luo
1362 924 1494 966 μανίαι·
1520 925 1629 958 claro.
1647 944 1696 949 ——

514 978 691 1012 Femmina
726 975 745 1013 e*
775 982 870 1013 nata.
899 979 962 1014 Hic
989 983 1096 1025 poeta
1127 981 1227 1026 ponit
1263 982 1535 1027 responsionem
1570 984 1689 1020 Bona-

513 1037 650 1082 giuntae
676 1037 721 1072 ad
748 1038 959 1084 petitionem
992 1040 1059 1084 sui,
1093 1041 1154 1085 qui
1186 1041 1349 1086 loquitur
1379 1043 1424 1078 de
1452 1044 1618 1089 materia,
1646 1045 1691 1080 de

514 1107 587 1141 qua
616 1097 733 1142 primo
761 1099 1030 1134 murmurabat.
1064 1100 1292 1147 Bonagiunta
1328 1103 1425 1137 enim
1462 1103 1497 1138 in
1530 1104 1589 1139 illo
1621 1115 1688 1140 suo

514 1167 709 1192 murmure
736 1157 877 1193 dicebat
904 1158 949 1194 de
975 1159 1091 1195 Dante
1119 1159 1153 1194 in
1182 1161 1286 1196 tertia
1314 1173 1494 1207 persona:
1522 1163 1600 1209 iste,
1628 1165 1690 1210 qui

515 1216 711 1261 aliquando
744 1220 885 1253 temere
919 1218 1064 1254 locutus
1098 1219 1165 1254 suit
1191 1220 1236 1255 de
1268 1221 1413 1257 civitate
1446 1223 1591 1268 lucana,
1619 1224 1690 1260 cito

514 1277 636 1312 veniet
662 1277 707 1312 ad
735 1277 931 1313 videndum
952 1288 1045 1324 eam,
1066 1283 1102 1315 et
1128 1281 1357 1316 amorabitur
1384 1283 1440 1317 ibi.
1471 1284 1561 1319 Dicit
1580 1295 1687 1331 ergo:

512 1333 679 1371 commoto
706 1339 747 1380 ei,
775 1339 916 1383 supple7
943 1339 1065 1375 dicere
1100 1340 1158 1375 ille
1185 1341 1437 1388 Bonagiunta:
1466 1346 1645 1379 Femmina
1671 1341 1690 1380 ὁ

512 1400 597 1431 nata
623 1407 640 1431 e
666 1407 735 1431 non
758 1402 868 1442 porta
895 1409 1007 1433 (mcor
1033 1399 1159 1443 betula,
1182 1401 1267 1445 quia
1295 1405 1349 1436 est
1376 1402 1527 1448 innupta
1554 1404 1686 1449 puella.

510 1455 580 1491 Ista
608 1460 736 1492 vocata
763 1461 816 1493 est
835 1458 1053 1504 Pargoletta‚
1074 1459 1118 1495 de
1138 1471 1208 1505 qua
1232 1464 1340 1496 autor
1360 1462 1441 1497 facit
1463 1464 1685 1500 mentionem

510 1515 602 1551 infra
629 1517 786 1562 capitulo
807 1518 938 1563 XXX13
967 1518 1072 1554 cuius
1092 1530 1219 1555 amore
1242 1525 1369 1566 captus
1392 1526 1455 1567 est,
1481 1523 1569 1558 dum
1589 1527 1684 1559 tem—

508 1585 598 1621 pore
624 1576 720 1611 exilii
748 1577 803 1612 sui
833 1578 988 1614 venisset
1019 1579 1180 1625 Lucamg
1210 1580 1289 1616 ideo
1323 1581 1429 1617 dicit:
1457 1584 1516 1617 elce
1547 1585 1571 1618 te·
1597 1580 1685 1629 [ανά

503 1637 646 1679 placere
668 1637 702 1670 la
725 1639 795 1672 mia
813 1635 905 1681 cilcci,
924 1638 1069 1684 scilicet,
1085 1639 1241 1685 Lucam3
1258 1645 1293 1676 et
1311 1641 1414 1677 dicit:
1430 1654 1526 1678 come
1543 1646 1592 1678 cle'
1606 1655 1685 1681 nom

509 1696 543 1729 Ia
570 1697 751 1740 ripremla.
780 1697 854 1732 Hoc
880 1698 974 1743 dicit,
1004 1699 1089 1744 quia
1116 1699 1249 1735 Dantes
1277 1701 1323 1736 ita
1351 1702 1473 1748 arguit
1498 1703 1683 1740 civitatem

508 1755 678 1791 lucanam
701 1756 745 1792 (le
772 1757 968 1803 barataria>
989 1759 1049 1794 ubi
1069 1759 1156 1794 dixit
1175 1760 1220 1795 de
1238 1761 1399 1797 Autianis
1426 1767 1560 1799 sanctae
1582 1765 1678 1801 Zitae.

508 1816 549 1850 Et
576 1816 662 1861 quia
694 1817 837 1853 locutus
865 1818 984 1854 suerat
1011 1819 1178 1865 obscure,
1207 1822 1345 1857 subdit:
1382 1827 1415 1858 ιιι
1447 1827 1477 1858 te
1502 1826 1683 1860 n’anclrcn'

506 1886 569 1910 con
598 1880 713 1919 questo
740 1879 950 1922 aulicedere,
971 1879 1071 1924 idest,
1091 1890 1175 1915 cum
1197 1881 1263 1917 isto
1283 1883 1525 1929 prognostico,
1546 1884 1581 1920 in
1607 1896 1681 1930 quo

507 1935 614 1970 tacite
650 1936 813 1981 praedixit
841 1937 905 1972 sibi
933 1938 1083 1973 exilium
1113 1950 1234 1975 suum.
1263 1942 1305 1976 Et
1338 1942 1441 1978 dicit:
1469 1954 1505 1978 se
1530 1946 1588 1979 nel
1612 1947 1681 1981 mio

505 2005 708 2029 mormorar
723 1998 901 2041 premlesli
917 2008 1055 2042 errore,
1077 2000 1230 2035 credens
1253 2002 1350 2046 quod
1369 2002 1528 2039 dicerem
1547 2004 1592 2040 de
1610 2005 1679 2041 alia

504 2054 669 2099 materia,
705 2057 958 2092 ciselam-erana
988 2069 1099 2094 ane-or
1135 2061 1164 2094 le
1195 2071 1272 2095 cose
1307 2072 1396 2106 vere,
1429 2064 1532 2108 quasi
1565 2064 1678 2101 dicat:

503 2114 573 2149 cito
594 2113 729 2150 videbis
744 2116 929 2162 effectum,
947 2121 982 2153 et
1002 2119 1255 2156 recordaberis
1275 2122 1475 2158 verborum
1496 2134 1679 2171 meorum,

504 2183 586 2219 quae
614 2173 783 2210 videntur
816 2177 924 2211 modo
957 2178 1231 2215 clausa—Ma
1258 2182 1314 2216 αἴ.
1344 2181 1407 2217 Hic
1439 2182 1679 2230 Bonagiunta,

503 2233 588 2279 quia
616 2234 752 2270 fecerat
780 2237 1002 2273 montionem
1032 2238 1078 2274 de
1103 2250 1233 2276 amore
1260 2242 1383 2277 futuro
1410 2244 1561 2288 autoris,
1581 2255 1678 2281 nunc

505 2294 587 2330 facit
614 2295 835 2332 mentionem
863 2297 909 2333 de
935 2308 1063 2335 amore
1090 2301 1274 2345 1)1·a:terito
1293 2302 1382 2338 eius.
1403 2303 1547 2340 Sciebat
1565 2305 1674 2351 enim,
