1766 2856
517 229 532 259 1
540 228 584 258 72
878 228 1082 254 COMENTUM
1108 227 1326 253 PL‘RGATORH

512 305 645 349 dicere,
667 304 732 346 roi,
753 301 896 345 scilicet,
917 304 990 336 tres
1017 303 1145 346 poetae,
1172 301 1251 334 siete
1276 300 1394 343 nuom',
1413 302 1448 334 et
1475 298 1616 334 novitas
1635 297 1688 333 rei

512 365 604 412 parit
631 361 924 406 admirationem,
952 361 1056 406 quasi
1083 360 1193 396 dicat:
1222 370 1287 395 vos
1319 359 1403 395 estis
1435 359 1552 406 ignari
1579 358 1688 394 huius

514 425 577 469 rei,
605 435 622 457 e
645 425 742 468 forse
768 423 870 456 alcun
893 425 1041 465 „cospetto
1059 422 1162 455 le'envc'
1186 420 1484 463 maracc‘yliamw,
1504 419 1590 464 quia
1608 428 1690 454 cre-

513 484 592 519 ditis
619 482 717 528 quod
745 482 810 517 sim
833 481 1048 527 pliilocapta,
1069 484 1109 516 ut
1130 484 1169 515 tu
1189 480 1333 516 dicebas
1353 479 1461 525 paulo
1480 482 1564 515 ante
1587 479 1686 523 mihi,

508 544 626 589 percle'
641 545 674 578 io
701 544 794 586 ricto,
814 552 898 577 cum
928 541 1022 576 risus
1049 551 1121 576 non
1144 541 1312 576 videatur
1331 540 1520 576 laudabilis
1542 539 1578 574 in
1604 549 1690 574 mu-

514 604 603 640 liere
629 603 789 649 perfecta
817 602 926 638 etiam
947 602 981 636 in
1004 602 1083 637 loco
1104 601 1275 647 perfecto,
1294 603 1328 636 in
1352 604 1467 645 questo
1487 602 1561 635 loco
1580 601 1688 644 eletto,

515 663 616 709 idest,
648 662 827 698 destinato
854 665 889 698 et
916 662 1100 707 deputato,
1134 662 1337 696 alemanna
1372 664 1515 705 ηαίιινα,
1554 660 1583 695 si
1617 663 1692 695 ste—

514 723 614 759 tisset
652 723 688 757 in
724 722 941 767 innocentia,
966 733 1031 766 per
1066 732 1129 756 suo
1162 722 1258 766 mdo,
1290 721 1390 766 idest,
1429 720 1581 767 hospitio
1615 720 1692 755 sive

514 783 730 819 habitaculo.
760 783 802 817 Et
829 782 1021 818 confirmat
1047 782 1184 817 dictum
1208 792 1317 816 suum
1347 792 1412 827 per
1439 781 1578 818 dictum
1606 791 1690 827 pro-

514 844 643 889 phetae,
672 843 734 887 qui
770 842 872 878 dicit:
901 844 1086 877 Deleclascz?
1111 853 1176 886 me,
1204 843 1364 885 Domine,
1392 843 1424 876 ίη
1450 844 1592 887 factura
1619 845 1692 885 tua,

514 907 546 938 et
569 906 602 938 ‘in
632 903 792 947 operibus
820 913 985 937 mammem
1012 906 1151 938 ίῑιανιιιη.
1178 902 1351 938 exultabo.
1375 902 1476 938 [nde
1503 902 1606 938 dicit:
1635 913 1693 937 ma

514 964 539 997 il
564 964 675 997 salmo
704 964 898 1006 Deleclasli,
926 973 997 997 non
1026 963 1203 1009 intelligas
1238 962 1423 1008 psalmum
1455 961 1516 1007 qui
1551 961 1690 1008 incipit:

515 1023 711 1066 Deleclosli,
731 1022 817 1067 quia
839 1023 960 1057 nullus
979 1026 1033 1058 est
1052 1022 1102 1058 sic
1121 1022 1304 1068 incipiens,
1325 1021 1387 1057 sed
1406 1021 1442 1056 in
1464 1022 1603 1067 psalmo
1629 1021 1692 1067 qui

516 1081 656 1128 incipit:
686 1084 819 1116 Bonum
848 1086 897 1116 est
921 1083 1077 1127 confiteri
1111 1084 1274 1126 Domino,
1303 1085 1358 1117 est
1392 1081 1595 1117 versiculus
1630 1081 1693 1126 qui

516 1142 617 1177 dicit:
646 1143 829 1177 Delectastzf
855 1153 906 1177 me
932 1146 1013 1187 etc.,
1041 1144 1148 1177 rende
1173 1144 1256 1187 lnce,
1287 1141 1388 1186 idest,
1417 1141 1499 1177 facit
1526 1141 1691 1177 declara—

517 1203 666 1247 tionem,
694 1204 751 1236 elie
772 1206 876 1247 puoto
902 1203 1111 1246 cltsnebbiar,
1139 1202 1239 1247 idest,
1268 1201 1476 1236 illuminare
1504 1204 1539 1236 et
1565 1201 1693 1236 diluci-

517 1263 616 1307 dare,
644 1267 762 1298 ‘vostro
788 1264 961 1307 intelletlo,
984 1263 1045 1308 qui
1066 1273 1138 1298 non
1157 1262 1251 1308 capit
1270 1272 1352 1307 qnae
1374 1265 1410 1297 et
1432 1261 1548 1306 qualis
1567 1261 1611 1296 sit
1629 1261 1694 1297 de-

519 1322 661 1358 lectatio
685 1333 777 1358 moa.
797 1323 920 1358 Potest
939 1323 1049 1358 etiam
1068 1323 1172 1358 aliter
1192 1322 1323 1368 exponi
1343 1322 1447 1357 litera
1467 1322 1545 1366 ista,
1566 1324 1602 1357 et
1621 1331 1693 1356 non

519 1382 640 1417 minus
668 1382 772 1427 bene,
801 1386 841 1417 ut
868 1383 912 1418 sit
938 1393 1078 1428 sensus,
1098 1382 1195 1428 quod
1222 1382 1478 1418 accedentibus
1506 1391 1623 1427 nuper
1649 1380 1695 1416 ad

517 1442 657 1488 apicem
678 1442 821 1477 virtutis
841 1443 1020 1488 perfectae,
1041 1442 1204 1488 operatio
1224 1442 1368 1477 virtutis
1389 1452 1461 1477 non
1480 1441 1624 1477 videtur
1646 1441 1695 1476 ita

517 1502 737 1538 delectabilis
764 1502 857 1538 sicut
884 1506 937 1538 est
960 1503 994 1537 in
1019 1503 1070 1538 rei
1091 1502 1253 1547 veritate,
1280 1506 1315 1538 et
1342 1502 1435 1538 sicut
1463 1502 1607 1538 videtur
1628 1501 1695 1537 ha-

518 1562 663 1597 bitualis
690 1562 726 1597 in
754 1563 899 1598 virtute.
929 1563 1033 1604 Quod
1067 1568 1192 1598 autem
1228 1562 1293 1597 ista
1324 1562 1368 1597 sit
1400 1562 1550 1598 intentio
1581 1562 1696 1598 literae

518 1621 662 1657 videtur
690 1625 815 1667 patere
842 1632 886 1658 ex
920 1622 1220 1668 praecedentibus,
1250 1622 1335 1667 quia
1370 1622 1477 1656 dixit:
1513 1632 1577 1656 vos
1610 1622 1695 1657 estis

519 1682 620 1726 novi,
650 1685 685 1717 et
712 1692 756 1717 ex
783 1683 1032 1728 sequentibus,
1061 1682 1146 1727 quia
1173 1682 1284 1727 aliqui
1313 1685 1434 1717 textus
1466 1681 1611 1726 habent,
1639 1683 1694 1716 cle?—

518 1744 651 1778 labascit·
673 1746 707 1778 ct
736 1743 792 1779 hic
811 1747 865 1779 est
884 1743 1086 1778 versiculus
1106 1742 1257 1778 alterius
1276 1742 1416 1788 psalmi,
1435 1742 1497 1777 ubi
1516 1741 1693 1787 propheta

520 1803 670 1839 tendens
697 1803 741 1838 ad
770 1803 1028 1849 perfectionem
1058 1803 1212 1848 virtutis,
1241 1813 1323 1848 qua}
1351 1803 1386 1838 in
1414 1801 1580 1848 paradiso
1606 1801 1695 1837 deli-

519 1863 659 1898 ciarum
689 1863 806 1909 typice
833 1863 1056 1910 designatur,
1084 1862 1186 1898 dicit:
1216 1864 1391 1907 Dilataslz,
1414 1863 1575 1906 Domine,
1593 1872 1695 1906 θνρε-

518 1934 577 1958 sus
605 1934 697 1958 nicos
724 1927 790 1959 etc.
813 1923 948 1959 Deinde
970 1923 1144 1958 Matliildis
1164 1923 1199 1958 in
1218 1923 1361 1969 speciali
1385 1922 1492 1958 offert
1514 1933 1553 1958 se
1571 1926 1695 1959 nostro

520 1986 646 2028 poelae,
666 1983 807 2019 dicens:
829 1987 860 2019 E
876 1988 923 2028 tu,
943 1985 1001 2018 elce
1021 1985 1066 2018 se'
1082 1985 1239 2027 ιίἱηαηςί,
1262 1983 1323 2028 qui
1352 1983 1493 2018 solebas
1520 1983 1695 2018 hactenus

519 2043 621 2088 sequi
644 2044 771 2089 socios,
798 2056 816 2079 e
842 2046 889 2079 mi
905 2045 1076 2089 pregyasli,
1097 2044 1158 2079 ubi
1185 2043 1302 2079 dixisti
1331 2043 1428 2088 quod
1448 2043 1607 2079 facerem
1635 2054 1696 2080 me

519 2103 758 2148 propinquam
784 2104 856 2149 tibi,
877 2106 935 2148 cli',
953 2106 1079 2139 s'allro
1098 2105 1178 2139 onoc?
1195 2105 1306 2147 adire,
1326 2103 1411 2148 quia
1426 2103 1503 2148 jam
1528 2103 1695 2149 respondi

518 2162 563 2197 ad
591 2162 754 2207 quaesita,
774 2164 823 2198 clz’
839 2166 871 2198 Io
893 2166 994 2199 renni
1018 2168 1137 2208 presta
1156 2165 1204 2199 αι]
1221 2165 1304 2207 οφῑιῖ
1330 2167 1388 2198 tna
1416 2165 1582 2208 qewslc'ou,
1602 2167 1696 2199 tanco

518 2223 577 2258 che
603 2222 702 2267 hasti,
733 2223 777 2258 ad
805 2215 1088 2259 declarationem
1119 2227 1232 2260 tuam.

595 2284 758 2327 L’acqna.
779 2284 847 2319 Ista
867 2287 921 2319 est
945 2284 1048 2319 tertia
1069 2294 1152 2330 pars
1173 2284 1331 2331 capituli,
1351 2284 1386 2320 in
1408 2295 1481 2330 qua
1501 2287 1606 2331 poeta
1628 2295 1695 2320 no-
