1766 2856
535 230 605 261 214
898 241 1101 267 COMENTL’M
1127 244 1345 271 PERGATORH

533 318 736 354 numquam
760 311 868 356 possit
891 312 1073 349 oblivione
1091 314 1229 351 aboleri
1251 320 1318 352 etc.
1339 317 1381 353 Et.
1403 319 1599 357 introducit
1617 323 1709 360 Bea—

531 368 658 403 tricem
687 369 935 416 indignantem
964 383 1074 419 super
1092 375 1237 420 planctu
1262 377 1351 423 eius,
1372 390 1455 424 quae
1474 380 1706 428 interpellans

530 437 617 462 eum
646 429 793 465 nomine
825 432 984 477 proprio,
1011 433 1113 469 dicit:
1141 446 1161 469 o
1193 438 1319 481 Dante,
1341 438 1471 483 perche*
1503 442 1644 485 I'irqile'o
1669 454 1706 478 se

529 498 569 521 ne
597 489 704 533 vada,
732 490 894 536 loquitur
922 492 1026 538 irate,
1054 505 1123 529 non
1148 498 1300 541 picmyer
1326 509 1428 543 anco,
1455 511 1525 536 non
1552 504 1704 547 pianyer

527 558 676 592 ancora,
705 550 789 595 quia
817 551 979 587 nondun]
1008 553 1120 590 habes
1147 566 1296 593 causam
1325 559 1444 605 flendi,
1471 559 1531 597 elce*
1552 564 1703 607 pianyer

525 608 549 641 ti
574 610 716 643 coth'en
739 621 805 654 per
831 612 925 646 altra
952 614 1065 657 spada
1074 627 1087 659 ,·
1106 616 1191 660 quia
1213 628 1375 664 pungam
1395 617 1428 664 ζ’)
1451 624 1486 656 te
1505 622 1647 658 acutius
1665 627 1701 659 et

524 665 663 713 fortius,
693 669 795 713 quasi
823 670 916 706 dicat
945 673 1070 709 tacite:
1092 675 1177 719 quia
1202 687 1274 712 non
1301 679 1419 714 solum
1449 680 1553 717 nimis
1580 682 1700 729 Virgi-

523 726 612 762 lium
641 728 792 774 coluisti,
812 731 873 766 sed
901 731 1009 767 simul
1037 744 1097 769 me
1123 734 1325 783 deseruisti,
1345 739 1437 774 sicut
1453 736 1488 784 (²)
1509 741 1603 777 dicet
1621 743 1698 788 ple-

522 786 604 821 nius
631 787 733 822 infra.

600 849 707 889 Quasi
732 851 966 894 ammiraylio.
1002 852 1071 888 Ista
1105 858 1159 890 est
1195 856 1301 892 tertia
1334 868 1418 903 pars
1448 860 1629 905 generalis
1660 861 1697 897 in

520 916 591 950 qua
620 911 727 952 poeta
754 908 923 946 describit
951 912 1236 960 increpationem
1264 917 1436 954 Beatricis
1463 920 1509 955 ad
1526 931 1565 956 se
1588 925 1622 957 et
1642 922 1696 957 in-

519 967 736 1011 crepationis
763 970 946 1006 effectum.
976 973 1016 1008 Et
1044 975 1162 1020 primo
1189 982 1340 1023 apparat
1372 979 1484 1025 ipsam
1519 984 1694 1027 tanquam

518 1024 702 1062 dominam
732 1040 874 1077 magna,¹
897 1033 1102 1069 autoritatis
1129 1039 1165 1070 et
1191 1038 1377 1082 potestatis
1400 1049 1464 1084 per
1493 1051 1604 1076 unam
1627 1052 1695 1077 no-

516 1084 625 1120 bilem
653 1090 963 1134 comparationem
992 1096 1028 1128 et
1054 1094 1241 1141 pulcram3
1270 1101 1304 1132 et
1323 1097 1407 1133 dicit
1426 1100 1523 1144 quod
1545 1101 1620 1137 visa
1639 1105 1693 1137 est

515 1144 580 1180 sibi
616 1148 719 1191 quasi
756 1150 904 1194 quidam
935 1152 1148 1189 admiralius
1182 1166 1325 1203 magnae
1359 1159 1492 1205 classis,
1525 1161 1586 1206 qui
1619 1161 1691 1197 dis-

515 1215 669 1242 currens
696 1218 761 1254 per
788 1211 931 1258 navigia
959 1213 1138 1250 confortat
1157 1215 1250 1251 bene
1268 1222 1430 1265 agentes,
1450 1220 1571 1267 pigros
1599 1231 1687 1257 vero

513 1269 547 1300 et
576 1267 760 1305 tardantes
787 1270 879 1307 dnre
895 1268 930 1316 f)
960 1273 1132 1320 increpat.
1161 1276 1294 1313 Ordina
1314 1279 1363 1314 sic
1382 1279 1525 1316 literam
1545 1285 1580 1317 et
1599 1292 1686 1318 con-

511 1329 629 1363 strue:
666 1330 740 1364 l't'de'
766 1332 800 1365 la
827 1333 959 1376 donna,
983 1334 1127 1379 scilicet,
1147 1335 1361 1383 Beatricem‚
1389 1340 1447 1373 che
1463 1342 1548 1384 pria
1570 1343 1687 1387 m’ap-

505 1388 624 1431 pario,
654 1388 748 1425 inter
775 1390 882 1427 ssores
909 1403 1019 1438 supra
1039 1404 1204 1441 currum,
1226 1398 1352 1442 velata,
1377 1398 1522 1445 scilicet,
1542 1400 1684 1447 faciem,

510 1449 548 1480 ut
585 1446 722 1483 dictum
756 1454 820 1496 est,
851 1455 938 1487 sotto
969 1454 1163 1498 l'anyelica
1202 1460 1307 1501 vesta,
1341 1458 1442 1504 idest,
1475 1460 1556 1495 velo
1590 1461 1684 1508 albo⁷

508 1507 624 1550 qualis
652 1512 703 1543 est
732 1510 840 1545 vestis
867 1513 1097 1559 angelorum,
1122 1516 1156 1550 in
1182 1527 1223 1551 su
1242 1519 1275 1552 Ια
1297 1520 1433 1562 sponda
1459 1521 1604 1556 sinislra
1630 1523 1686 1558 del

506 1576 626 1611 carro,
658 1577 703 1603 ex
731 1572 834 1614 parte
870 1572 1003 1607 veteris
1036 1576 1254 1621 testamenti,
1288 1577 1351 1613 ubi
1385 1583 1489 1614 erant
1522 1585 1682 1626 quatuor

506 1625 675 1672 virgines,
703 1630 853 1664 (Iris-zar
879 1633 929 1674 qli
954 1634 1048 1667 occlu'
1075 1632 1134 1669 zer
1161 1646 1224 1680 me,
1257 1638 1450 1683 respiciens
1478 1651 1538 1676 me
1565 1645 1681 1689 torve,

503 1687 540 1721 di
565 1697 634 1730 ([ιια
660 1689 723 1723 dal
747 1691 815 1733 rio,
843 1691 987 1737 scilicet,
1008 1693 1208 1740 Lethaeum,
1234 1697 1295 1731 ubi
1323 1708 1437 1745 eram7
1466 1703 1607 1744 quando
1634 1705 1682 1738 mi

503 1747 588 1780 polsi
613 1749 652 1782 al
675 1758 763 1782 seton
789 1750 846 1784 del
869 1761 970 1785 nome
997 1754 1078 1798 mio,
1109 1754 1253 1801 scilicet,
1279 1757 1413 1803 Dantis,
1433 1761 1491 1795 che
1508 1762 1544 1796 di
1563 1772 1679 1798 neces-

500 1802 566 1841 siret
593 1809 652 1851 qni
676 1809 707 1842 si
730 1811 896 1855 registra,
926 1811 1026 1857 idest,
1054 1813 1272 1851 inscribitur.
1301 1818 1343 1852 Et
1370 1819 1420 1854 sic
1453 1820 1532 1856 vide
1564 1833 1674 1867 quam

499 1866 700 1911 prudenter
728 1872 763 1904 et
790 1874 897 1906 caute
924 1875 1030 1917 poeta
1057 1884 1096 1909 se
1123 1880 1286 1922 excusat,
1307 1888 1352 1913 ne
1373 1879 1539 1916 videatur
1558 1881 1676 1928 Jacta-

502 1929 558 1961 tor
586 1930 621 1962 et
650 1938 785 1974 vanus;
814 1940 898 1964 nam
928 1942 999 1966 non
1027 1933 1171 1969 videtur
1189 1935 1234 1971 de
1253 1947 1357 1973 more
1375 1939 1673 1986 philosophorum

501 1985 663 2023 inserere
690 1989 837 2025 nomina
866 1992 1011 2036 propria
1047 1994 1218 2039 operibus
1249 2007 1392 2043 eorum⁷
1421 1999 1486 2034 nisi
1521 2011 1605 2036 raro
1639 2006 1675 2038 et

499 2056 543 2080 ex
572 2056 707 2093 causag
733 2049 829 2085 unde
848 2050 1017 2097 Virgilius
1031 2052 1178 2098 juvenis
1202 2057 1410 2093 verecunde
1432 2069 1471 2094 se
1493 2060 1672 2096 nominat:

496 2105 629 2141 Dantes
657 2118 746 2154 ergo
774 2109 857 2145 dicit
884 2121 923 2146 se
950 2122 1021 2147 non
1049 2123 1094 2148 ox
1123 2115 1292 2161 vanitate,
1322 2117 1383 2152 sed
1401 2112 1435 2162 (²²)
1461 2121 1675 2158 necessitate

496 2165 564 2200 hoc
593 2166 728 2203 secisse.
758 2169 959 2207 Necessitas
986 2176 1110 2223 autem
1144 2174 1199 2210 liic
1233 2175 1375 2212 videtur
1407 2179 1491 2223 quia
1524 2180 1668 2217 Beatrix

557 2260 581 2284 Ν]
600 2260 628 2282 E.
647 2262 744 2291 pungit.
1001 2265 1027 2295 (¹)
1044 2267 1074 2290 E.
1092 2270 1119 2291 ut
1138 2267 1238 2292 dicetur
1256 2269 1330 2299 plene
1348 2270 1421 2294 infra.

556 2296 581 2327 (Β)
600 2298 628 2322 Ε.
646 2299 708 2323 diro.
1000 2304 1025 2333 (⁸)
1045 2305 1073 2328 E.
1092 2306 1134 2329 scd
1152 2313 1182 2330 ex
1200 2309 1355 2332 necessitato.
