1737 2836
385 222 523 247 chTus
549 223 764 249 TmGEsnuus
790 223 950 249 TERTiUs.
1183 218 1249 249 281

86 294 232 330 rationis
260 304 343 339 quae
365 294 503 340 judicat
529 298 564 330 et
591 295 677 341 ligat
703 295 748 330 ad
781 295 985 330 faciendum
1014 295 1071 331 vel
1098 306 1169 331 non
1201 296 1253 330 fa—

83 354 261 390 ciendum.
291 354 333 388 Et
360 354 478 389 subdit
496 357 602 399 poeta
626 355 898 400 responsionem
923 355 1096 391 Beatricis
1112 351 1148 399 (¹)
1172 355 1254 390 irri-

83 413 197 449 dentis
210 413 345 449 dictum
362 424 470 448 suum
487 417 520 449 et
539 414 724 459 probantis
739 414 836 459 quod
851 414 1020 460 deliquit3
1037 415 1134 450 unde
1148 415 1231 450 dicit
1246 427 1253 449 :

83 485 100 508 e
116 475 261 519 rispose,
282 473 340 509 illa
358 473 514 518 Beatrix,
529 475 751 518 sorridendo,
767 485 803 508 se
825 478 858 508 tic
879 476 1045 509 ricordar
1067 485 1137 509 non
1160 478 1189 509 ce
1209 485 1252 509 ne

79 536 175 579 puoz',
190 534 274 579 quia
295 533 497 569 recordatio
512 537 566 569 est
580 533 625 569 de
641 543 680 569 re
699 534 805 578 bona,
821 544 863 568 or
883 535 905 568 lt
921 539 1132 578 rammenta,
1149 535 1251 580 idest,

83 594 289 638 recordare,
311 589 339 628 si
364 604 458 628 come
481 593 608 628 bevesce
635 594 670 628 di
698 595 772 628 Lete
798 594 912 637 ancoi,
937 593 1083 638 quando
1107 604 1250 630 mersus

83 654 176 688 suisti
191 664 211 688 a
226 653 381 688 Mathildi
398 653 432 688 in
446 664 581 699 aquam
597 653 686 698 eius,
698 653 802 688 cuius
817 652 913 699 potio
929 653 1018 688 tollit
1033 654 1248 689 memoriam

82 716 327 758 peccatorum.
357 714 398 747 Et
424 713 545 759 arguit
571 724 593 749 a
619 713 864 748 communiter
887 712 1133 748 accidentibus
1152 714 1249 758 quod

81 772 215 808 oblivio
240 773 377 818 peccati
406 772 651 818 praesupponit
677 775 880 818 peccatum,
907 772 1048 808 dicens:
1083 784 1101 807 e
1126 777 1250 808 cocesla

81 832 262 875 οῠῐίυίοηθ,
289 832 469 878 generalis
496 832 661 867 omnium
697 833 892 877 malorum,
921 833 1104 868 concleiude
1130 834 1251 868 omaro

81 893 194 936 colpa,
222 892 323 937 idest,
351 895 541 937 peccatum
571 892 690 937 fuisse,
718 894 809 927 nella
832 896 889 927 tua
909 894 1025 936 voylia
1050 897 1178 928 attenta
1196 895 1251 928 al-

82 956 190 995 lroce,
210 951 354 996 scilicet,
374 951 409 986 in
436 951 512 986 aliis
539 951 706 996 scientiis,
724 962 760 986 se
786 953 848 986 dal
869 954 966 997 fumo
985 954 1088 997 fuoco
1106 954 1252 996 s’arqo-

81 1015 208 1055 menta,
235 1011 335 1056 idest,
363 1011 532 1057 arguitur
558 1022 579 1046 a
607 1011 852 1047 communiter
874 1012 1130 1048 accidentibus.
1151 1012 1252 1048 Unde

81 1070 162 1106 vide
189 1070 285 1115 quod
313 1071 456 1106 Beatrix
485 1070 646 1106 breviter
672 1071 794 1117 arguit
815 1071 882 1106 sic:
902 1071 1014 1107 Lethe
1032 1083 1053 1107 a
1073 1072 1252 1108 memoria

81 1130 213 1166 delevit
240 1130 337 1175 quod
364 1134 441 1165 erat
469 1130 503 1165 in
531 1131 649 1176 culpa,
675 1131 703 1165 si
730 1141 819 1177 ergo
850 1131 982 1167 delevit
1010 1132 1088 1177 hoc,
1117 1132 1182 1167 fuit
1216 1132 1251 1167 in

81 1190 203 1236 culpa3
232 1190 324 1225 sicut
350 1190 523 1225 dicimus:
552 1190 581 1225 si
608 1194 661 1225 est
689 1190 823 1236 fumus,
846 1194 899 1226 est
918 1191 975 1226 vel
1002 1191 1068 1226 suit
1087 1191 1187 1238 ignis.
1208 1192 1250 1226 Et

80 1250 125 1286 ad
152 1250 465 1286 confirmationem
494 1254 611 1296 poetae
638 1251 673 1285 iu
700 1251 833 1286 bonam
862 1261 961 1296 spem
990 1251 1134 1287 Beatrix
1162 1262 1247 1297 pro-

81 1310 187 1345 mittit
201 1310 245 1345 de
260 1313 394 1345 caetero
409 1319 447 1345 se
462 1310 614 1355 loquutu
622 1321 699 1345 ram
717 1311 824 1355 clare,
835 1314 869 1346 et
886 1321 957 1345 non
972 1311 1039 1346 sub
1054 1311 1248 1358 aenigmate

80 1369 172 1404 sicut
204 1369 285 1404 fecit
317 1369 519 1414 hucusque.
557 1370 647 1404 Dicit
685 1381 800 1416 ergo:
839 1374 1046 1414 veramente,
1083 1370 1251 1416 quamvis

81 1439 198 1475 usque
226 1439 322 1464 nunc
347 1429 500 1464 dixerim
535 1429 597 1464 tibi
630 1430 798 1475 obscura,
826 1431 855 1464 le
882 1431 946 1464 mie
967 1432 1094 1474 parole
1121 1431 1247 1474 ormai,

80 1489 224 1534 scilicet,
252 1499 316 1534 per
350 1492 467 1524 totum
496 1489 704 1534 paradisum
739 1490 921 1535 loquendo
948 1490 993 1526 de
1023 1490 1162 1535 divinis,
1189 1501 1249 1525 sa—

79 1559 195 1583 rcmno
228 1550 330 1591 nude,
358 1548 457 1593 idest,
491 1549 589 1584 clara
629 1552 665 1584 et
700 1552 837 1594 aperta,
869 1549 946 1584 sine
974 1550 1177 1595 velamine3
1218 1554 1253 1586 et

82 1608 263 1655 restringit
289 1608 423 1643 dictum
452 1619 575 1653 suum,
598 1608 739 1645 dicens:
767 1612 896 1654 quanto
923 1612 1146 1645 convert-assi
1169 1621 1250 1645 sco—

77 1669 157 1713 prir
195 1669 314 1712 quelle,
350 1668 483 1703 scilicet
517 1668 641 1713 verba,
677 1670 748 1704 alla
788 1673 846 1704 cua
881 1671 969 1704 vista
1006 1671 1107 1713 rude,
1147 1670 1251 1715 idest,

80 1727 275 1763 intellectui
311 1737 453 1773 grosso,
490 1728 594 1772 quasi
627 1728 732 1773 dicat,
769 1728 971 1764 secuudum
1008 1729 1247 1775 capacitatem

81 1788 250 1822 humanae
276 1787 406 1822 mentis
434 1787 597 1822 infirmae.

153 1850 184 1882 E
205 1844 264 1891 ρι’ἰι
290 1857 465 1881 corrasor).
494 1847 563 1882 Ista
591 1851 644 1883 est
666 1851 797 1893 quarta
825 1852 860 1884 et
888 1849 1014 1884 ultima
1034 1860 1117 1894 pars
1136 1859 1249 1895 gene-

80 1907 164 1942 ralis
190 1907 299 1941 huius
327 1906 442 1941 ultimi
471 1907 627 1952 capituli,
647 1907 681 1941 in
701 1918 773 1952 qua
793 1911 897 1953 poeta
916 1908 1071 1943 ostendit
1094 1908 1251 1953 qualiter

79 1966 286 2012 pervenerit
311 1966 355 2001 ad
385 1966 549 2001 ultimam
581 1967 856 2011 acquisitionem
893 1968 1060 2013 perfectae
1095 1968 1249 2003 virtutis.

78 2026 122 2061 Et
155 2026 285 2072 primo,
313 2030 352 2061 ut
379 2026 551 2072 procedat
586 2026 714 2061 ordine
750 2037 895 2073 magno,
923 2027 1092 2063 describit
1119 2029 1249 2064 horam

79 2086 262 2131 temporis,
291 2086 375 2131 quia
403 2086 536 2122 scilicet
563 2086 615 2121 sol
642 2089 720 2122 erat
747 2086 842 2121 altus
861 2091 897 2122 et
918 2087 1049 2123 ardens
1076 2088 1111 2124 in
1139 2089 1249 2125 meri—

79 2144 146 2190 die,
166 2145 312 2190 quando
339 2145 502 2191 pervenit
521 2145 565 2181 ad
585 2146 755 2181 ultimum
776 2147 974 2182 terminum
998 2147 1153 2193 virtutis,
1174 2159 1246 2194 qua

141 2277 167 2306 (¹)
186 2277 214 2300 E.
232 2277 353 2300 Beatricis
370 2278 545 2307 respondentis
563 2277 592 2301 ad
610 2278 716 2301 dictum.
