1766 2856
514 261 582 292 102
872 263 1075 289 COMENTEM
1101 262 1321 288 PURGAToRu

513 343 592 374 tum
629 338 725 374 circa
761 346 927 372 errorem
962 330 1304 378 comentatioiiis(¹).
1340 334 1392 370 Ad
1419 335 1523 371 cuius
1550 335 1686 371 erroris

515 399 761 445 cognitionem
788 399 932 442 oportet
960 395 1140 442 praescire,
1163 395 1261 441 quod
1283 394 1454 431 Averrois
1472 395 1560 431 dixit
1582 396 1686 432 intel-

514 459 709 494 lectualem
739 460 910 492 naturam
938 466 1018 492 esse
1049 459 1254 502 separatam
1287 455 1333 490 ab
1363 455 1498 501 anima,
1525 460 1560 492 et
1593 456 1686 492 irra-

513 519 613 554 diare
633 528 743 563 super
761 517 922 553 animam
938 516 1106 561 hominis,
1120 516 1213 551 sicut
1228 515 1377 551 irradiat
1392 515 1453 550 lux
1474 516 1556 551 solis
1575 526 1686 562 super

512 577 766 624 perspicuumg
790 579 826 612 et
853 586 899 612 ex
926 576 985 611 illa
1012 575 1246 611 irradiatione
1268 575 1408 611 dicebat
1426 576 1564 612 formas
1582 576 1687 612 intel-

513 637 664 684 ligibiles
681 633 715 681 β)
745 637 861 672 fluere
879 636 915 671 in
936 636 1111 681 animam,
1130 635 1223 670 sicut
1241 646 1287 670 ex
1306 635 1446 671 lumine
1467 635 1550 671 solis
1569 636 1689 671 fluunt

513 697 664 732 visibilia
692 697 727 731 in
746 696 992 742 perspicuum.
1013 696 1056 731 Et
1078 696 1145 731 hoc
1168 695 1276 730 modo
1295 695 1436 731 dicebat
1454 696 1688 742 multiplicari

513 757 738 792 intellectum
757 756 849 792 sicut
866 756 1128 801 multiplicatur
1144 756 1270 791 lumen
1284 756 1366 791 solis
1381 756 1585 792 secundum
1604 755 1688 791 illu-

515 816 664 861 minata,
684 816 817 861 quibus
844 815 1072 860 immittiturg
1093 819 1127 850 et
1147 815 1239 850 sicut
1258 815 1468 851 illuminatis
1491 815 1687 851 subtractis

514 886 586 912 non
616 878 781 911 remanet
809 875 872 910 nisi
901 875 1052 910 unicum
1087 875 1213 910 lumen
1243 875 1338 920 solis,
1372 875 1421 911 ita
1451 875 1690 922 pereuntibus

514 936 723 972 hominibus
750 935 891 971 dicebat
917 946 1034 970 unum
1062 935 1285 971 intellectum
1318 940 1538 982 perpetuum
1570 936 1690 972 incor-

515 996 723 1042 ruptibilem
742 991 776 1040 (3)
807 1006 850 1031 ex
879 995 1088 1031 hominibus
1107 996 1272 1042 relinqui.
1296 997 1399 1032 Hunc
1422 1007 1588 1033 errorem
1608 1007 1690 1043 pes-

515 1056 649 1091 simum
678 1056 925 1102 multipliciter
951 1056 1133 1102 improbat
1163 1056 1334 1091 Albertus
1368 1067 1523 1103 magnus
1556 1056 1591 1091 in
1622 1067 1689 1092 suo

514 1116 608 1152 libro
635 1116 680 1151 de
706 1116 827 1151 anima
845 1110 892 1160 (4).
913 1116 1013 1151 Tunc
1040 1116 1137 1151 enim
1166 1119 1386 1161 sequeretur
1407 1116 1504 1161 quod
1527 1126 1600 1152 una
1619 1127 1690 1151 nu-

518 1186 621 1212 mero
649 1180 742 1212 esset
769 1176 891 1212 anima
925 1176 1135 1223 vegetabilis
1168 1176 1202 1211 in
1233 1175 1414 1221 omnibus,
1442 1179 1477 1212 et
1512 1187 1585 1212 una
1619 1187 1689 1212 nu-

516 1246 621 1272 mero
648 1236 843 1281 sensibilis3
875 1240 912 1272 et
944 1246 1009 1282 per
1042 1246 1269 1281 consequens
1302 1246 1375 1270 una
1407 1246 1564 1272 numero
1595 1240 1689 1272 esset

515 1295 678 1343 digestio,
699 1300 734 1332 et
753 1307 869 1332 unum
889 1299 1159 1342 augumentum
1177 1291 1225 1341 (ὃ),
1249 1299 1285 1331 et
1305 1307 1400 1331 unus
1429 1296 1537 1342 visus,
1560 1300 1597 1333 et
1615 1308 1688 1333 una

515 1356 712 1401 memoria3
737 1356 833 1402 quod
854 1356 959 1391 nimis
978 1360 1031 1392 est
1049 1355 1252 1391 absurdum
1279 1359 1313 1391 et
1340 1355 1505 1391 irrisione
1523 1356 1687 1402 dignum.

515 1416 689 1452 Videmus
717 1417 826 1452 etiam
856 1416 954 1462 quod
987 1416 1114 1461 virtus,
1142 1416 1316 1462 sapientia
1352 1420 1387 1452 et
1420 1416 1567 1452 felicitas
1603 1421 1690 1452 tunc

517 1477 669 1512 veniunt
695 1476 740 1512 ad
768 1480 903 1512 statum
931 1476 1159 1522 perfectionis
1187 1486 1271 1512 cum
1300 1476 1416 1511 virtus
1443 1476 1615 1523 organica
1636 1477 1690 1512 in-

515 1537 597 1583 cipit
616 1537 794 1572 debilitari
822 1537 858 1572 in
885 1536 1120 1582 vergentibus
1140 1536 1174 1571 in
1193 1535 1347 1572 senium.
1368 1536 1579 1572 Aristoteles
1600 1547 1690 1572 vero

515 1596 681 1642 probavit
714 1596 869 1631 sormam
906 1595 1188 1631 intellectualem
1223 1605 1302 1631 esse
1333 1600 1552 1641 separatam,
1586 1596 1691 1632 cuius

515 1655 664 1691 felicitas
698 1655 742 1690 sit
776 1655 1044 1701 contemplatio,
1073 1655 1230 1700 firmam,
1265 1666 1409 1701 puram,
1436 1656 1689 1692 admirabilem

517 1715 653 1751 habens
667 1714 963 1760 delectationemg
983 1715 1041 1751 cui
1056 1715 1236 1750 consensit
1255 1718 1329 1750 tota
1344 1715 1466 1751 schola
1481 1715 1688 1761 peripathe-

515 1775 685 1810 ticorum.
715 1775 819 1810 Solus
846 1775 1051 1811 Alexander
1076 1774 1304 1821 degenerans
1332 1775 1459 1810 transit
1485 1775 1531 1810 ad
1557 1775 1690 1821 Epicu-

517 1836 764 1880 run1‚docens
791 1836 877 1873 illud
905 1836 1003 1881 quod
1030 1839 1084 1871 est
1110 1836 1273 1871 divinum
1302 1835 1337 1870 in
1365 1839 1438 1871 tota
1467 1839 1599 1872 natura
1625 1846 1690 1882 ge-

515 1896 733 1932 nerabilium
763 1906 841 1932 esse
868 1896 1069 1942 corporale.
1098 1895 1194 1930 Dixit
1226 1895 1323 1931 enim
1356 1895 1579 1932 intellectum
1611 1906 1691 1932 esse

515 1966 560 1991 ex
589 1956 789 2001 elementis,
818 1959 853 1991 et
880 1956 930 1991 sic
958 1956 1107 1991 interire
1126 1955 1234 1990 simul
1261 1966 1346 1991 cum
1374 1966 1538 2001 corpore.
1561 1955 1689 1991 Anima

516 2017 626 2063 igitur
654 2016 891 2052 essentialiter
916 2020 970 2052 est
1000 2016 1121 2063 imago
1140 2019 1175 2052 et
1193 2015 1390 2051 similitudo
1418 2016 1544 2061 primae
1571 2025 1692 2051 causae

517 2079 552 2112 et
579 2076 669 2111 lucis
697 2076 947 2112 intellectuum
976 2076 1192 2121 coelestium,
1216 2085 1299 2121 quae
1318 2079 1371 2111 est
1390 2075 1573 2120 quoddam
1593 2075 1691 2122 sigil-

517 2136 593 2170 lum
630 2136 951 2181 intelligentiarum
989 2139 1261 2181 separatarum,
1297 2145 1382 2171 cum
1418 2135 1550 2180 quibus
1583 2135 1691 2170 habet

578 2252 603 2281 (¹)
624 2254 675 2280 117,
694 2252 885 2275 conicntatoris.
950 2249 975 2279 (ἦ
995 2251 1024 2274 12.
1044 2251 1239 2274 intellectuales.
1302 2249 1327 2279 (ξ’,
1346 2250 1375 2273 E.
1393 2253 1418 2274 et
1437 2249 1667 2279 incorruptibilem.

579 2290 604 2319 (³)
623 2292 674 2317 117,
693 2290 784 2317 anima,
802 2291 827 2312 et
845 2289 869 2312 in
888 2288 975 2312 libello
994 2288 1024 2319 dp
1042 2291 1134 2312 natura
1151 2292 1176 2312 ct
1194 2289 1293 2319 origine
1311 2289 1410 2311 animm.
1430 2288 1512 2311 Tunc.

580 2328 605 2357 κζ’)
624 2328 652 2350 E.
671 2334 805 2357 organum.
