1766 2856
495 262 564 294 300
889 268 1093 294 coMENTUM
1121 269 1286 293 PAnAmsr

494 342 587 378 niter
614 344 850 388 exponentes,
873 341 971 386 quod
990 350 1055 386 per
1081 341 1266 376 Bacchum
1286 343 1393 386 poeta
1412 339 1576 386 intelligit
1596 339 1672 375 elo-

493 403 693 449 quentiam,
723 412 806 447 quae
833 402 1027 446 hucusque
1054 401 1197 437 suffecit
1224 401 1314 446 sibi3
1342 411 1441 436 nunc
1464 405 1590 436 autem
1618 400 1674 435 in—

491 464 589 509 diget
617 463 790 509 sapientia
818 473 901 508 quae
928 473 993 508 per
1015 462 1218 508 Apollinem
1239 462 1432 508 figuratur.
1456 462 1525 497 Sed
1549 465 1675 507 parcat

493 524 580 559 milii
603 523 809 559 reverentia
824 523 952 559 talium
969 523 1174 569 sapientum
1193 522 1254 567 qui
1270 532 1402 557 vanam
1425 522 1671 558 ratiunculam

491 584 689 629 adducunt,
711 583 882 629 dicentes,
910 583 1008 629 quod
1036 583 1163 618 vinnm
1184 583 1265 618 facit
1294 582 1458 629 linguam
1478 582 1673 627 disertam3

492 655 578 680 nam
614 644 693 680 talis
729 644 938 689 eloquentia
974 654 1047 679 non
1075 647 1129 679 est
1164 643 1372 688 artificialis,
1405 653 1472 678 nec
1508 646 1674 679 meretur

492 705 652 740 laudem.
673 704 760 740 Dico
780 714 869 750 ergo
889 704 986 749 quod
1001 714 1066 750 per
1085 703 1286 749 Apollinem
1307 707 1342 738 et
1361 704 1545 739 Bacchum
1565 706 1674 738 autor

492 766 657 813 intelligit
675 776 790 800 unum
811 769 847 800 et
866 764 1039 800 eumdem
1059 764 1171 799 deum
1196 764 1263 799 sub
1282 763 1434 799 diversis
1453 763 1673 809 nominibus,

492 826 586 862 sicut
612 825 757 861 curiose
784 828 819 860 et
847 824 992 870 copiose
1019 824 1246 860 demonstrat
1272 824 1477 859 Macrobius
1499 823 1591 859 libro
1610 823 1675 859 Sa-

492 886 706 930 turnalium,
734 885 797 920 ubi
824 884 908 920 dicit
935 885 1029 920 inter
1060 884 1130 920 alia
1164 884 1291 930 multa,
1324 884 1423 930 quod
1456 884 1509 920 sol
1543 894 1675 920 cursus

491 947 681 982 stellarum
714 949 749 981 et
781 945 948 981 ordinem
981 956 1108 981 rerum
1144 946 1394 980 humanarum
1429 946 1487 981 vel
1520 945 1675 991 disponit

493 1008 551 1043 rel
579 1006 774 1053 significat,
802 1006 883 1042 ideo
912 1012 1029 1052 poetae
1056 1006 1208 1042 effectus
1235 1006 1318 1041 solis
1353 1006 1473 1042 varios
1505 1006 1574 1042 sub
1610 1016 1676 1041 no-

492 1067 592 1103 mine
618 1067 852 1102 diversorum
880 1066 1035 1102 deorum
1066 1069 1297 1102 notaverunt.
1327 1066 1518 1102 Potissime
1548 1069 1674 1102 autem

491 1128 565 1163 duo
586 1127 734 1163 nomina
753 1127 959 1162 attribuunt
978 1127 1056 1172 soli,
1075 1127 1220 1171 scilicet,
1240 1126 1441 1172 Apollinem
1463 1130 1499 1162 et
1516 1126 1674 1162 liberum

493 1189 699 1224 Bacchum:
728 1188 843 1224 solem
873 1187 1021 1233 quidem
1049 1190 1183 1223 vocant
1201 1187 1415 1233 Apollinem,
1436 1187 1471 1222 in
1491 1191 1673 1233 quantum

493 1248 646 1283 infundit
674 1248 900 1284 intellectum
928 1248 1113 1294 sapientizc
1141 1248 1325 1284 mentibus
1352 1248 1564 1293 hominum,
1584 1249 1676 1284 Bac-

493 1309 603 1344 chum
624 1319 724 1354 vero,
748 1309 783 1344 in
803 1312 984 1354 quantum
1011 1308 1179 1354 producit
1199 1308 1350 1344 effectus
1374 1318 1503 1344 rerum
1523 1311 1677 1344 natura-

493 1370 594 1404 lium.
628 1369 732 1412 Quod
762 1373 888 1405 autem
915 1369 1042 1415 Apollo
1065 1373 1101 1405 et
1129 1369 1293 1404 Bacchus
1321 1369 1365 1404 sit
1391 1380 1488 1404 unus
1516 1373 1552 1405 et
1579 1369 1675 1406 idem

492 1430 583 1466 (leus
611 1431 741 1476 probat
768 1430 972 1466 Macrobius
1004 1440 1069 1476 per
1104 1429 1440 1465 manifestissimum
1473 1440 1677 1477 argumen-

494 1494 584 1536 tum,
621 1491 767 1526 dicens:
802 1490 899 1536 quod
930 1490 1045 1526 Beotii
1082 1490 1286 1525 Parnasum
1325 1494 1489 1526 montem
1522 1491 1676 1536 Apollini

492 1554 748 1586 consecratum
772 1554 1034 1595 memorantes,
1056 1550 1164 1585 simul
1186 1553 1310 1586 tamen
1330 1550 1365 1585 in
1385 1550 1514 1586 eodem
1535 1555 1571 1587 et
1593 1562 1679 1588 ora-

492 1612 618 1646 culum
647 1610 854 1656 delphicum
883 1614 919 1645 et
945 1610 1137 1655 speluncas
1164 1610 1356 1646 bacchicas
1391 1611 1454 1645 uni
1487 1611 1556 1647 deo
1591 1622 1678 1648 con-

492 1674 652 1706 secratas
680 1671 820 1715 colunt,
850 1670 947 1705 unde
975 1669 1127 1715 Apollini
1155 1673 1191 1704 et
1218 1669 1333 1705 libero
1361 1671 1453 1716 patri
1482 1671 1518 1706 in
1545 1671 1675 1707 eodem

493 1735 617 1766 monte
646 1740 704 1766 res
731 1730 852 1766 divina
879 1730 1100 1775 celebratur,
1127 1729 1226 1775 quod
1247 1732 1401 1765 testatur
1423 1730 1541 1766 Varro
1560 1734 1595 1766 et
1616 1731 1677 1767 alii

493 1791 622 1835 multi,
643 1790 741 1826 unde
760 1791 927 1837 Orpheus
946 1800 1050 1826 sacer
1069 1793 1176 1836 poeta
1196 1790 1231 1825 in
1251 1790 1363 1826 sacris
1382 1790 1593 1827 liberalibus
1611 1791 1676 1828 de-

493 1854 671 1887 monstrat
691 1851 848 1886 liberum
865 1854 1005 1897 patrem
1027 1854 1063 1886 et
1082 1851 1196 1885 solem
1213 1860 1292 1885 esse
1308 1861 1425 1886 unum
1446 1855 1482 1887 et
1501 1852 1675 1888 eumdem

492 1912 623 1948 deum:
653 1912 817 1948 similiter
836 1911 1007 1958 Virgilius
1027 1912 1062 1946 in
1082 1911 1273 1957 prohemio
1293 1911 1572 1958 Georgicorum.
1591 1912 1676 1948 Ideo

492 1972 586 2008 bene
612 1973 700 2018 petit
727 1973 825 2018 quod
853 1973 928 2018 ipse
951 1972 1014 2018 qui
1032 1971 1130 2007 dedit
1149 1971 1214 2006 sibi
1236 1971 1347 2007 vitam
1368 1972 1428 2008 det
1447 1973 1674 2019 sapientiam.

492 2036 682 2068 —Enlrffi
711 2034 775 2069 Hic
809 2034 943 2070 Dantes
978 2033 1150 2079 implorat
1188 2032 1423 2079 singulariter
1457 2044 1674 2079 supremum

492 2094 656 2129 favorem
685 2094 867 2140 Apollinis,
887 2098 924 2130 et
945 2094 1032 2140 petit
1056 2096 1096 2128 ut
1116 2093 1280 2128 infundat
1303 2093 1470 2139 spiritum
1491 2093 1676 2139 sapientiae

492 2153 528 2188 in
556 2164 642 2189 eum
665 2154 929 2200 perfectissimo
952 2153 1073 2199 modo,
1100 2154 1192 2188 sicut
1216 2153 1302 2188 olim
1323 2153 1479 2188 ostendit
1499 2153 1675 2189 virtutem

492 2214 677 2260 sapientia}
705 2226 781 2250 suae
814 2220 941 2251 contra
977 2213 1176 2260 quemdam
1210 2224 1346 2249 vanum
1382 2214 1596 2260 superbum.
1624 2214 1676 2250 Ad

491 2275 596 2310 cuius
634 2274 685 2309 rei
721 2275 996 2321 intelligentiam
1038 2277 1183 2320 oportet
1218 2274 1405 2320 praescire,
1443 2274 1542 2320 quod
1582 2274 1675 2310 hanc

493 2335 674 2371 fictionem
704 2335 818 2381 tangit
844 2335 993 2370 Ovidius
1016 2335 1201 2370 succincte
1230 2335 1272 2369 vl
1299 2335 1455 2380 Maioris,
1484 2334 1546 2370 sed
1568 2334 1674 2370 diffu-
