1766 2856
521 251 589 282 428
913 254 1117 280 COMENTUM
1144 255 1312 280 PARAmffl

516 328 890 365 obsidionem—Sat
915 328 1001 371 quel.
1026 327 1090 362 Hic
1109 327 1333 362 Justinianus
1362 327 1488 363 transit
1516 329 1700 365 narrando

515 390 559 425 ad
582 393 683 436 gesta
706 387 1032 434 magnificentioria
1053 398 1136 433 quae
1163 388 1256 423 sacta
1279 392 1364 423 sunt
1383 391 1462 433 post
1480 389 1696 434 acquisitam

515 450 733 493 libertatem,
754 459 818 494 per
838 452 1004 494 tempora
1023 449 1230 493 consulum,
1247 458 1330 494 quae
1349 448 1577 484 duraverunt
1603 449 1699 485 ultra

513 509 799 555 quadringentos
813 519 939 553 annos,
958 511 993 544 et
1008 508 1126 554 primo
1143 508 1257 555 tangit
1276 508 1349 544 duo
1365 509 1458 544 bella
1476 509 1649 545 terribilia
1659 506 1695 555 (¹)

514 570 675 605 duorum
706 579 838 615 regum
867 569 1213 614 valentissimorum,
1236 579 1397 614 quorum
1427 580 1522 605 unus
1550 570 1700 606 veniens

516 630 562 665 ab
589 629 777 665 occidente
805 629 959 664 Romam
984 629 1175 674 destruxit,
1196 629 1288 664 alter
1310 629 1356 664 ab
1375 629 1517 665 oriente
1543 630 1700 666 Romam

515 690 653 725 afflixit.
682 689 734 724 Ad
754 689 1026 735 intelligentiam
1051 689 1158 735 primi
1178 693 1232 725 est
1251 689 1440 725 sciendum
1469 690 1579 735 quod,
1607 690 1700 726 sicut

516 751 639 786 scribit
669 750 791 785 Livius
826 750 917 785 libro
950 750 988 793 V,
1021 750 1106 796 galli
1141 760 1306 796 senones,
1334 761 1424 797 gens
1458 751 1573 796 ferox,
1605 751 1700 787 duce

517 812 662 847 Brenno
684 810 820 845 ltaliam
844 810 995 856 ingressi
1016 814 1293 856 occupaverunt
1320 811 1398 846 loca
1426 811 1519 846 inter
1546 811 1645 857 alpes
1664 815 1701 847 et

517 872 676 915 Padum3
697 875 732 906 et
752 881 823 905 non
843 871 1003 906 contenti
1025 871 1079 906 liis
1099 872 1250 907 transito
1271 871 1457 917 Apennino
1478 872 1512 906 in
1531 872 1700 908 Tusciam

516 932 733 967 infestabant
751 931 914 967 Clusium
935 931 1219 977 civitatemysed
1238 932 1365 968 offensi
1387 943 1407 967 a
1427 932 1555 979 legatis
1576 943 1699 969 roma-

515 1003 648 1027 norum
669 995 932 1028 converterunt
951 992 1116 1028 furorem
1137 996 1265 1028 contra
1292 993 1459 1028 Romam.
1482 993 1523 1028 Et
1542 1003 1627 1028 cum
1647 993 1701 1028 di-

515 1052 727 1098 spersissent
752 1063 948 1087 romanum
974 1053 1179 1088 exercitum
1204 1053 1323 1099 primo
1348 1053 1485 1099 impetu
1514 1053 1700 1089 inordina—

516 1117 594 1147 tum
622 1112 716 1158 apud
746 1112 885 1147 Albiam
914 1113 1064 1157 flumen,
1093 1118 1271 1159 ceperunt
1300 1114 1430 1149 urbem
1456 1114 1697 1160 improvidam

520 1173 748 1219 imparatam,
778 1173 875 1208 ferro
903 1176 938 1209 et
966 1173 1050 1219 igne
1069 1166 1253 1209 vastantes
1271 1174 1412 1219 omnia,
1437 1185 1510 1219 quo
1534 1178 1699 1220 tempore

518 1234 679 1269 maxime
695 1234 822 1269 enituit
838 1234 895 1269 illa
912 1244 1065 1270 romana
1081 1234 1206 1269 virtus.
1221 1235 1310 1269 Nam
1327 1234 1488 1270 seniores
1503 1233 1698 1280 assumptis

518 1294 716 1340 insignibus
743 1294 925 1330 honorum
962 1295 997 1330 in
1030 1295 1185 1340 propriis
1221 1295 1365 1330 sedibus
1401 1295 1567 1330 trucidati
1600 1298 1696 1330 sunt.

517 1355 675 1390 iuvenes
703 1364 792 1390 vero
821 1354 913 1390 sorte¹
931 1350 965 1399 8)
997 1354 1095 1391 mille
1122 1365 1280 1390 numero
1307 1365 1431 1390 arcem
1451 1355 1613 1401 Capitolii
1633 1365 1698 1401 per

515 1425 578 1450 sex
608 1425 751 1450 menses
778 1415 1031 1450 defenderunt.
1060 1415 1220 1450 Tandem
1244 1425 1331 1450 cum
1354 1415 1492 1450 obsidio
1520 1415 1698 1451 barbaros

515 1475 681 1521 fatigaret
717 1478 752 1510 et
787 1475 911 1520 sames,
948 1475 1090 1510 romani
1126 1475 1223 1511 mille
1259 1475 1369 1510 libras
1402 1475 1483 1511 auri
1518 1475 1698 1521 promise-

515 1538 601 1569 runt
629 1545 694 1580 pro
724 1545 889 1579 recessu;
918 1534 980 1569 sed
1007 1545 1094 1570 cum
1128 1535 1212 1581 galli
1247 1535 1417 1580 superbia
1453 1539 1489 1570 et
1523 1535 1696 1571 iniustitia

515 1598 709 1630 uterentur
736 1594 772 1629 in
802 1594 1088 1639 mensuratione,
1109 1605 1195 1630 ecce
1215 1595 1504 1630 virtuosissimus
1523 1595 1698 1631 Camillus

514 1655 599 1689 exul
620 1654 681 1699 qni
701 1658 848 1689 creatus
870 1654 1023 1690 dictator
1042 1654 1183 1699 absens,
1204 1654 1362 1689 collectis
1383 1655 1543 1690 romanis
1558 1655 1697 1701 disper—

515 1714 561 1749 sis
589 1718 624 1748 et
651 1714 794 1749 auxiliis
821 1714 1039 1759 amicorum,
1068 1714 1182 1760 gallos
1209 1725 1406 1761 aggressus
1433 1725 1562 1750 omnes
1584 1715 1696 1751 truci-

515 1774 624 1818 davit,
653 1777 688 1809 et
715 1774 856 1809 cineres
884 1775 1066 1820 gallorum
1095 1774 1273 1821 sanguine
1300 1785 1431 1809 eorum
1460 1775 1623 1810 extinxit.
1644 1775 1696 1811 Ad

516 1834 735 1869 evidentiam
751 1834 899 1870 secundi
917 1838 970 1870 est
990 1834 1179 1870 sciendum
1201 1834 1299 1879 quod
1315 1835 1477 1881 Pyrrhus
1496 1835 1540 1871 de
1558 1846 1696 1882 genere

516 1895 658 1929 Achillis
682 1895 921 1930 consobrinus
936 1895 1131 1930 Alexandri
1152 1895 1273 1941 magni
1296 1906 1359 1931 rex
1380 1896 1488 1942 Epiri,
1508 1906 1591 1941 quae
1611 1906 1696 1942 pro-

518 1955 632 1990 vincia
661 1955 810 1990 Graecia:
839 1955 1010 1990 dividitur
1037 1966 1058 1990 a
1086 1955 1250 1991 Calabria
1279 1959 1437 2002 angusto
1461 1956 1566 2001 inari,
1586 1966 1696 1992 voca-

517 2019 574 2050 tus
601 2026 621 2051 a
651 2016 840 2051 tarentinis
867 2019 994 2051 contra
1024 2026 1207 2061 romanos,
1237 2026 1370 2062 magna
1403 2016 1496 2051 bella
1522 2016 1632 2062 gessit
1659 2016 1694 2051 in

515 2076 624 2121 ltalia,
653 2080 688 2112 et
715 2086 811 2122 saepe
833 2076 948 2111 victor
971 2076 1107 2111 auxilio
1127 2076 1419 2122 elephantorum,
1440 2086 1532 2121 quos
1552 2076 1692 2121 primus

514 2137 617 2171 duxit
644 2137 679 2171 in
712 2137 863 2181 ltaliam,
891 2136 1014 2172 omnia
1040 2140 1194 2177 ,vastans
1231 2136 1329 2171 venit
1364 2146 1427 2182 per
1454 2136 1692 2182 Campaniam

515 2207 632 2241 usque
659 2197 865 2241 Praeneste3
895 2197 1040 2232 tandem
1064 2197 1179 2232 victus
1198 2197 1334 2232 virtute
1365 2197 1515 2233 Fabricii
1539 2200 1574 2233 et
1593 2197 1692 2233 Curii

577 2328 603 2356 μ)
625 2329 643 2355 2,
662 2326 795 2350 mirabilia.
1049 2327 1076 2357 (²)
1098 2330 1116 2355 t.
1135 2328 1223 2352 sortes.
