1766 2856
538 221 553 252 1
563 220 606 252 18
900 224 1101 250 COMENTUM
1127 224 1344 250 PURGATORH

535 435 697 468 CANTUS
723 433 955 466 VIGESIMUS
981 433 1153 471 SEXTUS,
1171 433 1225 464 ubi
1248 435 1363 464 tractat
1381 433 1418 464 cle
1433 434 1597 473 spiritibus
1616 433 1708 464 luxu—

611 491 706 522 riosis
729 493 758 522 et
781 490 818 521 de
841 489 930 520 modo
953 492 1055 520 status
1080 491 1108 520 et
1125 499 1228 528 paenoe
1252 498 1365 526 eorum,
1390 488 1447 520 sub
1476 489 1565 520 titulo
1589 489 1708 521 domini

609 545 766 577 Guidonis
792 545 960 577 Gece'm‘cellz'
983 545 1020 576 de
1044 544 1201 582 Bononia,
1231 544 1286 584 qui
1315 543 1414 575 multa
1441 545 1609 583 receptavit
1639 554 1707 576 cum

612 612 653 639 eo,
679 612 715 633 ccc
739 602 832 633 etiam
856 601 893 632 de
917 601 990 632 aliis
1015 601 1129 632 multis.

610 724 836 806 NEA-nm
862 772 920 805 elce
940 768 969 806 ,ςὶ
990 781 1057 816 per
1083 771 1104 804 l'
1120 771 1197 804 orlo
1223 780 1293 805 uno
1319 772 1465 805 innanzi
1482 772 1584 806 altro.
1605 772 1706 807 Post-

533 841 645 876 quam
673 831 708 865 in
735 830 914 876 superiori
940 830 1098 876 capitulo
1132 833 1237 875 poeta
1270 833 1392 866 noster
1425 831 1592 866 tractavit
1606 827 1644 875 (¹)
1670 831 1707 866 in

533 894 635 937 parte
654 890 750 925 finali
778 890 823 926 de
846 890 1062 937 purgatione
1082 890 1349 925 luxuriantium
1370 891 1516 927 luxuria
1536 892 1705 937 naturali,

534 960 631 986 nunc
650 954 917 996 consequenter
937 950 972 985 in
990 950 1159 996 praesenti
1183 950 1340 996 capitulo
1356 951 1467 986 XXVI
1485 951 1559 998 agit
1577 955 1612 987 et
1631 955 1707 988 tra-

531 1013 603 1044 ctat
630 1009 675 1045 de
702 1010 919 1056 purgatione
946 1009 1212 1044 luxuriantium
1249 1010 1394 1045 luxuria
1427 1011 1632 1047 innaturali.
1660 1012 1703 1047 Et

532 1069 626 1104 istud
649 1069 849 1115 capitulum
868 1069 1001 1105 sufficit
1019 1069 1180 1105 dividere
1199 1069 1234 1104 in
1253 1073 1325 1105 tres
1345 1075 1465 1115 partes
1492 1072 1704 1117 generales:

532 1129 568 1164 in
595 1140 755 1174 quarum
783 1129 900 1175 prima
928 1133 1034 1175 poeta
1061 1130 1230 1165 describit
1252 1130 1342 1166 duas
1361 1135 1477 1166 sectas
1496 1131 1705 1167 luxurioso-

533 1199 629 1234 rum,
645 1189 689 1224 de
708 1189 825 1235 prima
844 1200 1004 1234 quarum
1024 1189 1219 1225 introducit
1238 1201 1354 1225 unum
1374 1190 1540 1236 spiritum
1557 1191 1706 1227 moder-

532 1259 621 1283 num
640 1248 684 1283 ad
704 1248 929 1293 loquendum
949 1253 984 1284 et
1004 1249 1199 1294 petendum
1219 1249 1264 1285 de
1287 1260 1335 1285 se.
1356 1250 1395 1285 In
1414 1250 1573 1286 secunda
1596 1254 1702 1297 poeta

532 1309 752 1354 respondens
779 1308 939 1354 petitioni
963 1309 1027 1343 sibi
1047 1309 1161 1354 factae,
1183 1309 1386 1345 manifestat
1405 1320 1458 1354 se,
1476 1314 1512 1345 et
1533 1310 1598 1345 sibi
1627 1321 1705 1346 ma-

532 1368 689 1403 nifestari
717 1368 800 1403 facit
833 1371 979 1414 gentem
1017 1368 1208 1413 utriusque
1242 1369 1344 1414 aciei,
1372 1370 1438 1405 ibi:
1467 1372 1520 1413 Io,
1547 1371 1606 1405 che
1638 1371 1703 1405 clue

532 1430 627 1463 colle.
655 1429 694 1463 ln
720 1428 827 1464 tertia
854 1432 889 1463 et
917 1429 1043 1463 ultima
1072 1428 1305 1464 commendat
1332 1429 1433 1464 illum
1465 1429 1632 1474 spiritum
1658 1429 1704 1465 ab

529 1492 608 1524 arte
627 1488 830 1523 inveniendi
854 1487 1054 1534 vulgariter
1074 1491 1109 1523 et
1130 1492 1315 1533 materne3
1336 1492 1372 1524 et
1389 1489 1506 1535 gratia
1526 1489 1619 1524 illins
1638 1499 1705 1524 no—

532 1547 644 1582 minat
680 1547 878 1582 incidenter
913 1547 1051 1592 aliquot
1084 1547 1173 1582 alios
1207 1547 1415 1583 inventores
1448 1552 1522 1583 tam
1558 1548 1705 1595 gallicos

530 1618 642 1652 quam
670 1607 818 1651 italicos7
846 1607 912 1642 ibi:
942 1605 1067 1641 Poz'clee‘
1091 1608 1127 1641 (Ie'
1153 1608 1360 1650 riyzcardar.
1381 1607 1433 1642 Ad
1456 1608 1616 1653 primum
1640 1618 1704 1643 ve-

532 1667 633 1702 niens
649 1662 697 1711 ὃ),
718 1671 823 1712 poeta
845 1667 1094 1712 descripturus
1122 1670 1319 1711 utramque
1338 1666 1468 1711 aciem,
1491 1666 1609 1712 primo
1636 1678 1704 1713 pro

530 1726 750 1772 perfectione
781 1726 836 1761 sui
871 1726 990 1772 operis
1024 1726 1106 1761 facit
1138 1726 1417 1771 descriptionem
1445 1727 1637 1772 temporis;
1665 1730 1701 1763 et

530 1786 673 1822 videtur
701 1786 821 1822 dicere
849 1797 923 1821 nno
955 1786 1080 1830 verbo,
1109 1786 1206 1830 quod
1239 1786 1321 1831 ipsis
1354 1786 1403 1821 sic
1430 1787 1704 1821 ambulantibus

529 1856 593 1892 per
621 1846 717 1881 illam
746 1846 842 1881 viam
869 1845 1018 1881 dubiam
1039 1846 1091 1881 sol
1110 1845 1280 1880 tendebat
1299 1845 1343 1880 ad
1366 1856 1549 1881 occasum.
1570 1846 1704 1882 Ordina

529 1906 579 1942 sic
598 1905 761 1941 literam:
782 1907 813 1940 Il
829 1907 900 1940 sole
915 1906 1057 1950 fel-iamt
1075 1907 1110 1939 ιῗη
1127 1915 1166 1939 su
1186 1906 1206 1939 Γ
1219 1915 1338 1939 omero
1356 1906 1473 1940 deslro
1483 1918 1497 1949 ;
1511 1909 1590 1940 erat
1605 1905 1702 1941 enim

530 1977 641 2013 prope
668 1976 839 2002 occasum
869 1966 984 2001 tertiae
1017 1965 1098 2010 (liei,
1127 1965 1174 2000 ita
1209 1965 1306 2010 quod
1342 1965 1494 2000 faciebat
1529 1965 1701 2000 umbram

530 2037 716 2073 magnam,
744 2027 815 2070 elce,
849 2026 938 2061 idest
971 2025 1033 2071 qui
1069 2025 1133 2070 sol,
1160 2020 1220 2069 9ῖά
1247 2026 1448 2068 Γα99ἱαηαό
1471 2029 1551 2060 lullo
1579 2026 1703 2060 l'occi-

529 2088 638 2129 dente,
666 2085 751 2131 qnia
779 2086 906 2120 bassus
934 2089 1023 2130 erat,
1048 2089 1188 2120 ηιιιίαυα
1214 2088 1345 2129 aspelto
1371 2086 1407 2119 di
1433 2087 1581 2129 cz'leslro,
1601 2085 1700 2130 idest,

529 2146 690 2182 colorem
707 2155 817 2189 quem
838 2145 938 2190 prius
956 2145 1110 2180 habebat
1125 2145 1273 2190 coelum,
1293 2146 1327 2179 ἱη
1349 2145 1485 2188 blanco,
1505 2145 1589 2190 quia
1615 2148 1701 2180 tunc

592 2238 618 2267 (¹)
637 2241 688 2266 117,
709 2239 824 2261 tractavit
841 2241 865 2261 et
884 2238 1062 2271 determinavit
1079 2239 1104 2261 in
1123 2243 1203 2268 parte.

592 2276 619 2307 (²)
637 2278 690 2305 117,
709 2276 811 2299 veniens
828 2277 884 2301 dico
902 2277 970 2307 quod
988 2280 1069 2307 poeta.
