1737 2836
495 236 631 263 CANTL's
658 237 799 263 ramos.
1161 232 1228 264 321

59 309 296 344 strumentis?
322 309 456 344 Musica
483 309 662 354 siquidem
690 309 848 354 quadam
877 310 1151 356 participatione
1178 311 1231 346 le-

58 369 144 404 titiae
172 372 312 405 mentes
340 370 519 405 humanas
546 369 655 404 trahit
681 369 727 405 ad
757 369 967 406 societatem
1000 371 1231 417 angelorum,

55 429 160 464 cuius
188 430 347 465 suavitas
376 433 472 465 tanta
500 432 565 474 est,
589 429 686 474 quod
714 429 860 475 expellit
887 440 995 466 curas
1022 430 1068 466 ab
1096 430 1230 476 animo,

58 489 206 524 morbos
233 500 254 525 a
280 500 445 535 corpore,
473 489 617 524 labores
644 492 847 534 temperat3
878 490 973 525 unde
1000 491 1231 537 Pythagorici

56 550 255 585 utebantur
282 549 460 585 cantilena
487 549 523 584 in
550 549 668 584 studio
700 549 853 585 scientes
888 550 984 595 quod
1018 551 1231 596 compositio

55 609 187 644 animae
214 613 249 645 et
276 609 437 655 corporis
456 613 510 645 est
528 608 721 644 coniuncta
740 619 805 655 per
825 609 1024 654 musicam;
1045 610 1142 646 unde
1160 611 1231 646 De—

55 668 231 704 mocritus
258 669 389 705 dicitur
417 669 614 704 ostendisse
633 668 757 714 pulsus
777 668 894 704 cordis
916 668 1121 715 Hippocrati
1151 680 1230 705 me-

54 729 144 765 dico.
172 730 289 764 Immo
317 729 455 765 musica
484 729 627 775 expellit
654 729 846 774 daemone3
875 729 972 765 unde
999 739 1084 765 cum
1115 729 1228 765 David

54 789 221 835 pulsabat
248 789 438 834 citharam,
467 789 553 825 Saul
581 800 684 825 socer
717 789 795 825 eius
830 789 949 824 minus
976 790 1180 825 vexabatur
1207 801 1228 825 a

55 850 214 896 maligno
241 850 379 896 spiritu.
408 850 492 885 Ideo
519 850 612 885 bene
634 850 718 885 dicit
736 849 893 885 Isidorus
917 850 1014 895 quod
1040 850 1117 886 sine
1144 861 1229 885 mu-

54 910 127 946 sica
146 910 245 945 nulla
263 910 447 956 disciplina
467 913 583 955 potest
602 920 681 946 esse
700 910 869 956 persecta.
890 910 1116 956 Pythagoras
1138 920 1228 946 vero

53 969 195 1005 dicebat
222 971 319 1005 hunc
347 969 526 1005 mundum
555 980 634 1005 esse
666 969 852 1005 conditum
885 979 949 1015 per
982 970 1161 1005 musicam
1194 973 1229 1005 et

54 1040 118 1075 per
137 1026 172 1073 (¹)
202 1029 378 1065 musicam
406 1029 629 1076 gubernari:
657 1040 773 1074 quare
800 1029 947 1065 Boetius
974 1029 1009 1064 in
1036 1029 1227 1076 prohemio

56 1090 205 1124 musicae
231 1089 433 1125 concludit:
465 1093 614 1134 apparet
638 1091 743 1134 igilur
770 1091 936 1124 musicam
962 1091 1010 1125 ica
1036 1090 1134 1124 nobis
1160 1101 1227 1125 na-

53 1150 211 1184 turaliter
243 1160 314 1184 esse
344 1150 573 1193 com'zmctam,
604 1153 639 1184 ul
664 1160 733 1184 non
763 1151 936 1194 possimus
968 1160 1040 1184 esse
1077 1151 1150 1185 sine
1187 1161 1228 1184 ea

53 1211 154 1244 etiam
179 1210 210 1244 si
237 1210 384 1244 celemus.
418 1209 552 1244 Musica
579 1208 689 1255 igitur
720 1209 803 1244 vitae
829 1209 1114 1254 condimentum,
1143 1220 1228 1245 sua-

53 1268 144 1304 vitas
171 1269 294 1314 animi,
317 1269 523 1315 jocunditas
550 1269 680 1304 divinae
712 1269 838 1315 laudis,
862 1269 1029 1315 jubilatio
1066 1270 1229 1306 devotio-

53 1329 118 1373 nis,
145 1329 349 1375 gratiarum
376 1329 482 1373 actio,
511 1328 596 1374 suga
623 1328 846 1374 daemonum,
869 1329 1084 1365 exercitium
1113 1340 1226 1377 ange-

53 1388 186 1424 lorum.
214 1389 318 1424 Nunc
349 1388 473 1424 audita
509 1391 563 1423 est
593 1398 614 1423 a
650 1391 756 1434 poeta
787 1399 873 1424 cum
906 1389 1058 1425 intraret
1089 1390 1223 1425 coelum

52 1458 138 1484 cum
166 1448 330 1484 Beatrice
358 1448 473 1483 multo
493 1447 687 1493 perfectius
715 1451 749 1483 et
777 1448 917 1484 dulcius
939 1460 1050 1494 quam
1080 1449 1227 1494 quando

52 1507 199 1543 intravit
226 1508 483 1554 purgatorium
511 1517 596 1543 cum
616 1507 781 1554 Virgilio:
803 1511 837 1543 et
860 1512 953 1544 tacta
981 1509 1172 1545 dulcedine
1190 1505 1224 1553 (²)

52 1568 142 1613 soni,
174 1568 288 1614 tangit
320 1570 427 1613 poeta
462 1567 663 1603 claritatem
700 1567 858 1613 luminis,
893 1568 1038 1604 dicens:
1067 1571 1229 1614 parvenit

51 1629 157 1673 altor,
187 1627 276 1663 dum
304 1630 439 1663 starem
461 1627 510 1662 sic
537 1630 698 1662 attentus
724 1627 769 1663 ad
787 1638 932 1673 sonum,
952 1632 1047 1664 tanco
1066 1630 1122 1664 del
1140 1630 1226 1664 ciclo

52 1699 170 1723 acceso
197 1689 294 1723 dalla
319 1689 465 1732 flamma
492 1688 548 1722 del
571 1688 654 1730 sole,
681 1687 744 1732 qui
766 1688 845 1733 Jam
879 1687 978 1723 visus
1006 1688 1125 1724 fuerat
1156 1688 1223 1723 sibi

51 1748 238 1794 duplicari,
267 1751 306 1782 ut
333 1747 449 1792 patuit
475 1747 584 1792 paulo
603 1757 737 1792 supra:
758 1750 793 1783 et
813 1747 973 1783 declarat
991 1748 1140 1784 coeleste
1159 1758 1225 1794 per

51 1811 226 1844 terrestre
248 1807 374 1851 simile,
394 1807 535 1842 dicens:
564 1808 622 1842 elce
642 1808 790 1852 pioyyc‘a
808 1818 828 1841 o
845 1809 949 1852 fiume
966 1818 1036 1843 non
1052 1810 1124 1853 fece
1143 1810 1224 1851 layo

52 1870 154 1903 alcun
173 1871 268 1902 tanto
289 1868 423 1901 ‹listeso
444 1866 646 1911 Aliquando
665 1867 762 1902 enim
786 1867 907 1912 pluvia
929 1871 1040 1914 auget
1060 1867 1222 1912 flumina,

52 1938 134 1974 quae
154 1927 330 1962 inundant
347 1936 494 1972 campos
515 1926 673 1971 vicinos;
693 1930 729 1962 et
746 1927 942 1972 aliquando
969 1927 1044 1972 ipsa
1072 1927 1223 1962 flumina

53 1987 256 2024 redundant
289 1986 334 2022 de
365 1986 420 2021 sui
457 1989 588 2022 natura
616 1986 724 2022 etiam
756 1987 832 2022 sine
864 1987 996 2032 pluvia,
1025 1990 1060 2022 et
1087 1987 1223 2023 faciunt

53 2058 204 2094 magnas
231 2047 341 2082 valles
369 2049 404 2082 et
431 2045 580 2081 lacunas
607 2046 698 2082 sicut
726 2047 845 2082 Padus
873 2047 908 2082 in
934 2047 1162 2082 Lombardia.

127 2110 177 2142 La
203 2101 320 2141 ηουιἸά
349 2107 405 2140 del
428 2116 549 2141 suono.
581 2106 650 2141 Ista
684 2109 737 2141 est
770 2110 900 2152 quarta
927 2117 1010 2153 pars
1042 2106 1223 2153 generalis

57 2167 164 2202 liuius
191 2165 422 2212 prohemialis
449 2165 606 2211 capituli,
635 2165 669 2200 in
697 2176 769 2211 qua
797 2169 903 2212 poeta
930 2166 1063 2202 Dantes
1094 2166 1224 2212 probat

114 2297 140 2327 (¹)
157 2297 187 2321 E.
205 2300 229 2321 et
248 2303 293 2327 pcr
310 2296 426 2320 eamdem
446 2296 592 2327 gubernari.
720 2296 745 2325 (²)
764 2296 793 2320 E.
811 2296 946 2320 dulcedine
965 2297 1010 2320 viae
1029 2298 1092 2320 soni.

183 2351 218 2370 lv.
1063 2351 1086 2371 21
