1737 2836
488 201 626 227 cANTcs
652 201 822 228 OCTAVUS.
1173 198 1240 230 481

69 285 197 311 nerem
218 285 263 310 ex
284 274 470 310 influentia
493 275 586 320 coeli,
607 285 652 310 ex
672 275 787 310 veteri
815 275 1093 321 consuetudine,
1112 280 1148 312 et
1170 276 1245 312 col—

68 335 217 371 luvione
243 335 469 370 advenarum
499 335 761 371 confluentium
791 335 849 380 ibi,
877 337 1077 371 rzell'ante'co
1108 347 1246 380 errore,

68 394 201 430 scilicet
228 394 441 441 paganismi,
470 394 531 440 qui
564 395 694 441 longus
728 405 832 430 error
863 395 1010 431 duravit
1041 397 1076 431 in
1108 396 1247 432 mundo

69 465 186 500 usque
212 455 257 490 ad
284 455 492 490 Christum:
521 458 664 490 caeterae
691 455 787 490 enim
816 459 944 501 gentes
970 460 1104 502 praeter
1131 457 1246 492 solam

68 514 256 550 hebraeam
273 515 440 550 colebant
454 515 578 560 plures
592 514 691 558 deos,
700 516 849 559 saceano
865 525 985 561 onore,
998 516 1247 561 idest,divinos

68 575 237 620 honores,
258 576 294 609 dc·
318 576 474 619 sayrifice'
499 586 517 609 e
543 575 580 609 de?
605 576 718 609 votivo
744 576 861 619 yre'clo,
893 575 997 619 idest,
1019 575 1246 611 orationibus

69 638 105 671 et
132 635 463 681 supplicationibus,
492 645 561 669 non
590 645 660 679 pur
691 645 713 669 α
747 636 800 680 lei,
831 635 976 680 scilicet,
1009 635 1141 671 Veneri
1169 635 1245 681 soli,

69 706 127 730 ma
154 706 376 739 onoravano,
397 699 572 740 tanquam
600 695 686 730 deos
713 695 849 730 eisdem
877 695 1005 730 divinis
1034 695 1245 740 bonoribus,

69 757 182 790 Dione
209 769 226 790 e
256 757 398 800 Cupido,
426 755 560 801 gratias
587 758 738 801 agentes
756 755 863 789 matri
884 764 967 799 quae
988 755 1115 801 genuit
1135 755 1243 791 talem

69 815 179 851 filiam
207 819 363 851 matrem
394 815 639 861 generationis
667 815 849 859 humanae,
874 818 909 850 et
937 814 997 849 tali
1026 814 1096 849 filio
1119 815 1247 861 impel-

71 876 157 911 lenti
185 876 351 911 homines
378 875 423 910 ad
451 876 519 910 hoc
546 885 660 920 opus,
689 878 725 909 et
752 874 899 920 exponit
918 878 954 910 et
973 875 1089 921 glosat
1108 875 1244 910 dictum

71 946 193 980 suum,
221 935 366 971 dicens:
403 936 516 979 quella
538 945 604 979 per
638 935 762 969 madre
794 945 872 978 sua,
904 934 1038 969 scilicet
1069 935 1246 979 Dionem,

30 1018 33 1021 Δ
69 999 104 1031 et
138 996 254 1040 bene,
283 995 414 1030 dicitur
447 995 543 1029 enim
572 994 662 1029 Dion
678 991 725 1038 (ἵ),
754 994 857 1039 quasi
884 994 957 1029 duo
990 998 1149 1039 nectens,
1182 1005 1247 1040 per

69 1056 138 1091 hoc
173 1055 417 1101 intelligentes
451 1053 745 1089 coniunctionem
775 1054 886 1088 maris
917 1057 951 1089 et
979 1054 1137 1089 soeminae
1168 1065 1247 1090 esse

67 1125 217 1150 causam
253 1114 427 1159 libidinisg
465 1117 580 1158 qneslo
613 1124 678 1157 per
709 1115 820 1158 stylit),
854 1113 999 1158 scilicet,
1033 1114 1245 1159 Cupidinem

69 1186 180 1221 quem
204 1175 281 1220 jam
311 1175 454 1210 vocavit
483 1175 603 1210 follem
626 1184 804 1218 amorem,
826 1184 936 1219 quem
967 1175 1195 1220 potissimum
1208 1170 1243 1219 Β)

67 1235 179 1271 deum
208 1235 397 1279 dicebant3
425 1235 469 1269 de
497 1245 571 1280 quo
598 1234 691 1280 pleni
719 1237 803 1269 sunt
834 1234 914 1268 libri
946 1234 1111 1269 omnium
1139 1238 1247 1270 auto-

69 1306 165 1339 rum,
189 1295 247 1330 cui
275 1294 492 1330 sacrificium
521 1294 674 1329 facimus
701 1293 746 1329 de
773 1294 943 1340 lacrymis
965 1297 1000 1330 et
1016 1290 1051 1338 fl
1072 1295 1243 1340 suspiriis.

68 1355 152 1391 ldeo
174 1355 267 1390 bene
289 1355 471 1390 Ausonius
491 1358 596 1400 poeta
618 1354 768 1400 gallicus
791 1354 889 1400 fingit
909 1365 1075 1390 amorem
1095 1359 1243 1401 captum

66 1426 88 1450 a
122 1415 337 1451 mulieribus
371 1415 522 1450 affixum
551 1415 663 1457 cruci,
699 1415 734 1449 in
767 1425 841 1460 quo
872 1415 1027 1450 ostendit
1059 1416 1245 1451 cruciatus

66 1474 112 1510 ad
141 1485 233 1520 quos
260 1475 359 1510 ducit
386 1486 491 1510 amor
518 1484 648 1519 caecus,
678 1474 757 1510 ideo
784 1475 915 1521 dignus
942 1485 1072 1510 cruce:
1101 1479 1137 1511 et
1165 1486 1246 1521 spe-

67 1534 184 1570 cificat
211 1536 329 1581 ipsum
350 1535 564 1581 Cupidinem
591 1535 637 1569 ab
664 1535 784 1570 officio
807 1545 886 1579 suo,
906 1535 991 1580 quia
1020 1536 1129 1571 habet
1156 1536 1246 1572 inci-

67 1598 146 1630 tare
173 1595 339 1630 homines
366 1595 410 1630 ad
447 1595 642 1639 libidinem,
674 1595 768 1629 sicut>
799 1594 900 1640 fingit
932 1594 1114 1641 Virgilius,
1148 1595 1246 1640 quod

68 1655 190 1690 Venus
206 1658 323 1690 mater
340 1655 445 1689 Eneae
466 1654 561 1689 misit
581 1653 695 1688 filium
716 1664 825 1689 suum
842 1654 1054 1700 Cupidinem
1072 1655 1107 1689 in
1128 1655 1244 1690 forma

67 1713 206 1748 Ascanii
242 1714 287 1748 ad
331 1713 593 1749 incendendam
628 1713 802 1749 Didonem
853 1715 888 1748 in
927 1725 1093 1750 amorem
1136 1715 1246 1761 ipsius

67 1774 185 1808 Eneae.
215 1773 316 1808 Unde
343 1773 449 1808 dicit:
478 1784 494 1807 e
521 1774 655 1817 dicecm,
679 1773 726 1808 illi
745 1773 884 1818 antiqui
904 1774 1035 1820 pagani
1055 1775 1246 1810 credentes

68 1833 172 1868 multi
201 1833 298 1878 quod
326 1832 416 1867 Dido
443 1833 568 1868 fuisset
595 1843 683 1869 vere
710 1837 814 1878 capta
841 1844 970 1869 amore
997 1834 1116 1879 Eneae,
1146 1837 1244 1869 tanta

68 1894 135 1929 suit
161 1892 315 1928 dulcedo
343 1891 519 1937 fingentis.
549 1892 601 1926 De
628 1891 764 1926 Didone
791 1892 911 1927 adhuc
938 1892 1069 1927 dicitur
1088 1893 1246 1938 capitulo

70 1952 259 1999 sequenti:
287 1953 382 1986 cle’ezf
407 1952 529 1986 sedelle
555 1953 590 1985 in*
616 1951 758 1994 yremho
785 1962 807 1984 α
840 1953 961 1995 Dido,-
998 1952 1095 1997 quod
1128 1955 1245 1986 totum

70 2017 124 2050 est
150 2013 351 2048 [ictum.-—
368 2014 397 2046 E
421 2013 467 2046 da
494 2013 605 2045 costel.
640 2011 703 2044 Hic
730 2013 836 2055 poeta
869 2010 1015 2045 adducit
1042 2011 1086 2045 ad
1114 2021 1248 2056 propo-

70 2073 180 2108 situm
208 2072 242 2106 id
270 2071 367 2116 quod
393 2071 482 2106 dixit
508 2070 553 2106 de
581 2070 733 2114 Venere,
753 2070 897 2105 dicens:
921 2071 1180 2115 Eln'ylz'avcmo,
1199 2070 1245 2105 illi

70 2131 222 2177 antiqui,
249 2132 297 2165 da
323 2132 438 2175 coslei,
461 2130 593 2165 scilicet
613 2130 766 2173 Venere,
790 2131 870 2163 ond·
885 2131 918 2163 io
933 2131 1108 2174 principio
1121 2131 1246 2174 pigllz'o,

132 2261 159 2289 (¹)
178 2261 206 2284 E.
227 2261 301 2288 Dion,
319 2261 378 2291 quia
396 2261 455 2284 duo.
531 2260 556 2288 (²)
574 2260 603 2283 E.
623 2260 835 2290 potentissimum.
910 2259 934 2287 (Β)
954 2260 982 2283 Ε.
1000 2263 1024 2283 et
1043 2260 1074 2283 de
1092 2260 1214 2290 suspiriis.

203 2315 239 2334 lv.
1086 2314 1109 2334 31
