1737 2836
486 253 623 279 CANTcs
650 254 873 281 TmGEslMtsss.
1193 249 1261 281 213

94 324 190 359 enim
214 324 383 369 relinquit
403 325 508 361 tacite
527 326 651 361 lectori
671 327 987 373 considerandum,
1008 329 1105 374 quod
1123 329 1167 364 ad
1187 328 1262 374 pri—

93 394 196 419 mum
224 388 458 431 conspectum
486 385 586 421 istius
614 387 776 422 mulieris
809 388 891 423 altae
919 388 993 434 ipse
1020 388 1085 423 fuit
1113 393 1262 434 stupore

92 453 307 490 percussus,
335 446 396 481 sed
424 446 592 492 Virgilius
621 447 751 483 timore
786 448 933 484 territus
965 449 1085 484 statim
1113 449 1262 484 evanuit

92 514 112 539 a
132 504 222 540 facie
249 505 349 541 istius
377 505 539 541 mulieris
557 506 722 551 potentis,
743 518 854 552 quam
875 507 1013 543 viderat
1032 519 1188 555 surgere
1207 509 1262 543 in-

93 567 148 599 ter
176 575 306 600 manus
333 566 562 612 angelorum,
590 565 680 601 idest
707 566 974 613 theologorum,
1001 571 1035 602 et
1064 568 1195 614 refugit
1216 568 1260 603 ad

92 623 275 659 infernum
303 625 348 660 ad
369 625 537 661 standum
565 625 658 660 inter
677 625 905 671 philosophos
924 630 959 662 et
978 630 1121 672 poetas,
1142 630 1177 662 et
1196 638 1260 663 vo-

92 684 215 719 luisset
242 685 394 721 libenter
421 686 541 721 dicere
568 685 691 721 Danti:
719 686 851 721 amodo
880 686 1045 732 relinquo
1078 690 1112 722 te
1145 688 1260 722 mani—

90 744 158 779 bus
185 744 339 780 istorum
359 746 419 790 qui
442 746 644 791 loquuntur
663 756 746 781 cuin
766 746 853 791 Deo,
873 746 934 782 sed
958 746 1067 782 timor
1087 757 1157 782 non
1177 757 1260 792 per-

90 804 194 839 misit.
224 804 312 839 Dicit
339 816 428 851 ergo
455 809 578 850 poeta:
600 808 659 840 Ma
686 807 827 849 J'e'rye'lc'o
854 807 989 840 ηάυθα
1008 807 1142 840 lasciati
1158 808 1261 840 seemi

88 864 125 897 cli
149 874 197 907 se,
224 864 359 899 scilicet
386 875 445 900 me
479 868 513 900 et
547 865 701 900 Statium
736 865 984 910 christianum,
1020 866 1082 910 qui
1116 869 1152 901 et
1184 866 1259 912 ipse

89 923 257 959 tendebat
284 924 328 959 ad
356 925 502 959 coelum.
532 925 573 959 Et
600 924 700 959 dicit:
736 926 890 969 I'it'yillo,
912 926 1107 959 dolcissimo
1131 926 1256 969 padre,

89 982 177 1018 idest
192 980 241 1028 ζ’),
269 983 458 1019 videbatur
492 984 557 1018 sibi
593 984 863 1019 amarissimum
898 984 1081 1019 dimittere
1113 987 1255 1019 tantum

88 1046 232 1087 poetam
261 1043 321 1087 qui
354 1043 489 1078 fecerat
521 1043 585 1078 sibi
618 1043 733 1088 viam,
761 1047 795 1079 et
829 1044 958 1089 repetit
989 1044 1033 1079 ad
1065 1044 1255 1078 cumulum

87 1101 235 1137 maioris
261 1102 414 1137 doloris:
441 1104 582 1146 I'z'rye‘le'o
601 1113 622 1136 α
641 1104 695 1137 cui
720 1104 822 1137 dz'emz'
842 1114 910 1148 per
932 1104 1000 1138 mia
1022 1105 1142 1148 salide,
1171 1103 1256 1148 quia

87 1161 251 1197 commisi
273 1172 332 1197 me
352 1162 553 1208 regendum
574 1166 609 1198 et
627 1163 835 1198 ducendum
854 1163 929 1208 sibi,
946 1167 985 1198 ut
1004 1163 1119 1208 patuit
1138 1163 1255 1209 primo

88 1224 124 1256 et
149 1221 309 1256 secundo
337 1221 493 1267 capitulo
519 1222 662 1257 Inferni.
678 1221 800 1257 —Ne'.
828 1223 891 1257 Hic
923 1228 1027 1268 poeta
1060 1226 1138 1268 post
1164 1232 1256 1267 que-

87 1280 201 1315 relam
236 1281 350 1327 tangit
384 1281 568 1326 planctum
604 1292 725 1326 suum,
754 1285 788 1317 et
816 1282 892 1316 vult
928 1282 1087 1317 breviter
1121 1282 1253 1327 dicere,

85 1339 183 1384 quod
211 1343 284 1376 tota
313 1341 459 1376 felicitas
479 1341 570 1376 illius
589 1341 655 1376 loci
677 1352 747 1376 uon
767 1341 882 1386 potuit
900 1342 1086 1386 obsistere,
1106 1353 1151 1377 ne
1169 1352 1254 1387 pro-

87 1404 276 1445 rumperet
303 1400 337 1435 in
365 1401 556 1447 lacrymas,
577 1404 675 1436 tanta
703 1401 769 1436 fuit
791 1401 843 1436 vis
869 1401 1012 1436 doloris.
1036 1402 1126 1437 Dicit
1144 1412 1252 1448 ergo:

86 1457 137 1494 Ne*
162 1464 393 1504 qucmlmtqne,
420 1460 520 1505 idest,
548 1460 720 1505 quicquid
746 1460 970 1506 deliciarum,
994 1463 1126 1505 perdeo
1153 1463 1255 1495 Fan-

85 1520 152 1553 lica
178 1521 313 1563 madre,
342 1519 429 1555 idest
463 1520 615 1565 perdidit
644 1521 728 1565 Eva,
757 1522 849 1555 valse
882 1522 948 1555 alle
980 1531 1125 1564 quamve,
1153 1521 1252 1566 idest,

83 1578 234 1623 profecit
259 1579 361 1625 genis
390 1579 489 1624 meis,
517 1583 602 1614 nelle
631 1581 667 1614 di
699 1581 865 1623 rztffl'acla,
894 1580 979 1624 quia
1006 1580 1175 1626 Virgilius
1202 1581 1254 1616 la-

83 1642 187 1673 verat
213 1638 278 1673 sibi
305 1638 432 1674 faciem
461 1649 545 1674 rore
564 1639 599 1674 in
618 1639 801 1674 maritima
820 1639 889 1684 illa,
910 1640 967 1674 vel
986 1639 1042 1675 dic
1060 1640 1161 1685 genis
1181 1650 1253 1675 non

84 1697 233 1733 madidis
261 1708 356 1743 rore,
385 1698 446 1743 qui
473 1709 546 1734 non
577 1698 671 1734 cadit
697 1699 756 1744 ibi,
784 1699 887 1744 quasi
921 1699 1036 1734 dicat:
1066 1699 1126 1734 ubi
1154 1700 1253 1735 nulla

83 1760 199 1803 potest
226 1767 305 1793 esse
331 1757 508 1802 alteratio,
537 1757 599 1792 ubi
626 1768 698 1793 non
725 1762 842 1804 potest
868 1759 996 1804 pluere
1014 1769 1082 1804 ego
1102 1759 1250 1804 ploravi.

83 1816 167 1852 Ideo
193 1816 294 1851 dicit:
315 1818 372 1852 che
391 1818 614 1861 layrimando
632 1828 703 1852 non
721 1821 900 1852 tornasser
922 1819 1022 1862 ach-e,
1042 1818 1142 1863 idest,
1162 1822 1252 1854 atrae

84 1877 140 1912 vcl
167 1876 345 1921 obscurae,
374 1877 466 1912 sicut
496 1877 623 1912 accidit
659 1877 694 1912 in
727 1878 884 1923 planctu.
917 1878 960 1912 Et
990 1888 1060 1913 non
1096 1878 1250 1924 mireris,

83 1937 206 1982 lector,
235 1937 262 1971 si
290 1937 422 1972 Dantes
449 1937 581 1971 dimisit
607 1937 797 1983 Virgilium
833 1948 917 1972 cum
953 1937 1099 1983 planctu
1132 1941 1167 1973 et
1198 1938 1251 1973 la-

81 1996 225 2043 crymiS,
254 1996 312 2032 cui
339 1996 488 2032 dederat
515 2006 664 2042 operam
692 2006 713 2031 a
740 1996 907 2042 pueritia,
934 1996 1135 2031 secundum
1164 1996 1251 2033 illud

81 2057 271 2103 Augustini
299 2056 417 2102 primo
443 2056 488 2091 de
506 2056 657 2091 Civitate
676 2056 738 2091 Dei
761 2056 857 2092 circa
877 2056 1112 2102 principium,
1133 2057 1251 2104 Virgi-

80 2115 169 2150 lium
204 2116 283 2151 ideo
317 2116 420 2161 pueri
448 2116 573 2162 legunt
601 2119 639 2150 ut
668 2119 773 2161 poeta
813 2126 968 2162 magnus
1007 2116 1248 2162 omniumque

78 2175 374 2220 praeclarissimus
417 2179 529 2220 atque
573 2175 731 2220 optimus
774 2175 907 2211 teneris
951 2175 1105 2211 ebibitus
1144 2177 1247 2211 annis

139 2304 166 2334 (¹)
183 2303 212 2327 E.
229 2310 244 2328 e
262 2306 314 2333 117,
332 2304 388 2328 ideo
405 2304 548 2329 videbatur.
