1766 2856
474 260 543 292 302
869 264 1073 289 COMENTUM
1100 264 1267 289 PARAmsi

471 339 516 374 ad
545 339 676 374 urbem
697 338 859 373 Celaenas
881 337 1033 372 adduxit
1060 337 1279 381 exercitum,
1299 336 1405 372 cuius
1434 336 1570 372 moenia
1600 336 1656 371 in-

473 399 610 435 terssuit
637 399 798 444 Marsyas
824 397 943 432 amnis
974 397 1147 432 fabulosis
1179 397 1397 432 Graecomm
1431 397 1657 432 carminibus

473 460 640 505 inclytus.
670 457 792 493 Livius
820 461 943 493 tamen
971 457 1055 493 dicit
1082 457 1180 503 quod
1207 457 1404 493 Menander
1438 461 1491 493 est
1525 457 1657 492 ssuvius

476 519 624 566 grandis
656 518 869 565 navigabilis
897 522 1000 554 ortus
1033 528 1079 554 ex
1115 528 1263 554 summa
1296 528 1384 553 arce
1411 518 1656 562 Celaenarum,

477 589 559 625 quae
579 578 765 624 quondam
787 578 854 613 suit
881 582 991 624 caput
1010 578 1177 625 Phrygiae
1197 582 1233 613 et
1255 579 1415 624 Marsyas
1436 577 1566 623 amnis,
1586 588 1659 612 non

476 640 586 686 longe
613 650 633 674 a
662 638 848 674 Menandri
876 638 1035 674 fontibus
1062 638 1196 683 oriens,
1217 638 1252 673 in
1280 638 1521 674 Menandrum
1544 637 1657 683 cadit3

477 703 513 736 et
533 700 631 735 fama
651 702 749 734 tenet
768 700 949 745 Marsyam
969 698 1066 744 apud
1082 698 1244 734 Celaenas
1264 702 1424 734 certasse
1445 708 1530 734 cum
1550 698 1660 744 Apol-

477 760 548 795 line
577 760 749 795 tibiarum
778 763 901 804 cantu,
930 762 965 794 et
993 759 1073 805 plus
1101 759 1212 794 credo
1239 759 1339 794 Livio
1367 769 1478 804 quam
1508 759 1658 805 Curtio3

478 820 575 856 unde
603 821 772 855 Lucanus
796 830 954 865 sequens
976 819 1119 855 Livium
1141 819 1236 864 dicit,
1257 819 1355 864 quod
1373 819 1533 866 Marsyas
1560 819 1661 855 velo-

477 881 567 917 citer
594 880 818 916 descendens
847 884 948 916 recto
976 891 1088 915 cursu
1118 880 1228 915 intrat
1255 880 1496 916 Menandrum
1519 880 1662 915 fiexuo-

479 952 561 977 sum
590 941 705 976 valde.
735 941 787 976 Ad
816 941 959 976 literam
989 951 1079 987 ergo
1106 941 1189 976 dicit
1210 944 1340 987 poeta:
1373 943 1402 976 Ο
1419 942 1544 986 Apollo
1563 944 1663 975 entra

479 1003 536 1037 nel
562 1005 657 1046 pello
685 1002 767 1045 mi0,
795 1001 897 1046 idest,
925 1011 1002 1046 cor,
1034 1004 1069 1036 et
1103 1001 1222 1047 ipsum
1257 1001 1313 1037 sac
1346 1000 1481 1046 audax,
1514 1011 1531 1035 e
1563 1001 1663 1045 spira

482 1067 548 1106 lete,
576 1072 642 1107 pro
671 1064 722 1107 tu,
751 1061 837 1106 quia
865 1061 1011 1108 spiritus
1043 1061 1105 1096 ubi
1142 1062 1220 1096 vult
1256 1061 1391 1107 spirat,
1429 1061 1526 1097 unde
1559 1061 1664 1096 multi

486 1123 615 1159 volunt
641 1122 740 1167 quod
767 1126 874 1168 poeta
902 1122 1078 1168 intelligat
1106 1122 1163 1157 hie
1181 1122 1226 1157 de
1245 1122 1398 1167 Christo,
1421 1122 1485 1167 qui
1504 1125 1557 1157 est
1576 1132 1664 1157 vera

485 1183 661 1229 sapientia
688 1183 825 1228 Patris,
849 1187 972 1218 tamen
992 1183 1096 1218 litera
1114 1193 1272 1228 sequens
1290 1182 1445 1218 ostendit
1470 1193 1534 1228 per
1559 1183 1666 1218 fabu-

486 1246 571 1289 lam,
600 1244 697 1290 quod
725 1248 835 1280 autor
862 1244 1036 1289 loquatur
1063 1243 1214 1289 poetice,
1242 1245 1399 1288 stccome,
1426 1243 1565 1289 supple,
1594 1243 1667 1288 spi-

485 1305 582 1349 rasti,
608 1305 742 1340 scilicet
778 1308 853 1339 tam
882 1304 1048 1339 valenter
1075 1307 1111 1339 et
1142 1303 1350 1348 efficaciter,
1380 1305 1521 1348 quando
1548 1304 1668 1338 lraesci

485 1367 636 1409 Mamm,
667 1366 874 1410 loquacem,
904 1364 1082 1409 fallacem,
1107 1364 1168 1409 qui
1197 1368 1442 1410 usurpaverat
1469 1363 1534 1399 sibi
1562 1363 1666 1399 fistu—

484 1426 557 1461 lam
586 1425 750 1470 Palladis,
785 1426 877 1460 della
909 1425 1040 1468 vagina
1074 1425 1159 1459 delle
1193 1425 1348 1459 membra
1377 1434 1457 1468 szce;
1488 1423 1591 1469 idest,
1622 1423 1668 1459 de

484 1487 588 1532 pelle,
617 1496 730 1531 quam
767 1496 832 1531 per
872 1485 1038 1531 pulcram
1076 1485 1331 1530 metaphoram
1367 1484 1523 1530 appellat
1565 1483 1668 1530 vagi-

487 1557 584 1591 nam,
613 1556 697 1591 quae
724 1545 895 1590 continet,
924 1548 1118 1580 conservat
1145 1548 1181 1580 et
1208 1544 1364 1580 custodit
1391 1554 1554 1589 carnem,
1576 1544 1671 1579 sicut

490 1606 621 1653 vagina
654 1605 894 1651 gladium.—
913 1608 942 1640 Ο
974 1606 1092 1640 (lirina
1127 1603 1226 1640 vlrlz't.
1260 1605 1364 1640 Nunc
1396 1609 1504 1650 poeta
1537 1605 1671 1640 Dantes

488 1670 529 1701 ut
558 1665 683 1701 reddat
710 1665 913 1711 Apollinem
942 1665 1139 1710 propitium
1167 1668 1202 1700 et
1230 1665 1468 1700 favorabilem
1488 1664 1554 1700 sibi
1573 1664 1669 1700 circa

488 1726 698 1772 petitionem
727 1736 847 1770 suam,
867 1725 1045 1771 promittit
1072 1725 1118 1759 illi
1148 1724 1502 1769 remunerationem,
1535 1724 1671 1760 scilicet

489 1786 757 1822 laureationem
787 1786 842 1821 sui
870 1783 918 1830 (¹).
946 1785 999 1821 Ad
1022 1785 1126 1821 cuius
1147 1785 1199 1821 rei
1218 1785 1502 1821 declarationem
1523 1788 1576 1821 est
1594 1786 1672 1822 ala-

489 1846 542 1882 cri
560 1846 684 1881 animo
707 1845 1029 1891 considerandum,
1057 1845 1155 1890 quod
1178 1845 1306 1881 laurus
1335 1845 1443 1881 habet
1462 1845 1507 1881 de
1526 1845 1582 1881 sni
1605 1856 1672 1881 na-

490 1911 573 1942 tura
609 1906 733 1952 plures
769 1906 969 1941 laudabiles
1005 1906 1271 1951 proprietates:
1306 1906 1436 1952 primo,
1473 1905 1560 1951 quia
1593 1906 1672 1941 eius

491 1970 623 2002 natura
651 1970 705 2002 est
733 1966 847 2002 calida
875 1970 911 2002 et
939 1966 1044 2011 sicca,
1073 1966 1154 2002 ideo
1181 1966 1276 2002 benc
1303 1967 1477 2012 competit
1495 1966 1610 2012 poetis
1637 1969 1673 2002 et

492 2026 728 2072 principibus,
757 2026 819 2072 qui
847 2027 970 2062 calore
989 2026 1123 2073 ingenii
1143 2030 1179 2062 et
1197 2026 1309 2062 animi
1327 2026 1534 2062 avidissime
1558 2026 1672 2072 petie-

492 2090 579 2122 runt
598 2087 758 2131 laudem,
779 2087 958 2123 honorem
979 2090 1015 2122 et
1033 2087 1207 2133 gloriam:
1228 2086 1401 2131 secundo,
1422 2086 1507 2132 quia
1527 2096 1674 2132 semper

493 2146 597 2191 viret,
626 2150 662 2181 et
688 2147 736 2181 ita
766 2147 862 2182 fama
890 2146 1096 2193 principum
1120 2151 1156 2182 et
1178 2150 1371 2192 poetarum
1392 2157 1538 2192 semper
1557 2146 1674 2193 viget,

493 2206 567 2241 imo
595 2206 622 2240 si
652 2209 793 2241 tantum
822 2207 968 2242 dimidia
998 2207 1107 2242 bacca
1136 2206 1229 2242 lauri
1257 2207 1440 2253 plantetur
1467 2206 1673 2253 germinat:

555 2336 581 2364 (¹)
603 2335 629 2359 E.
648 2342 729 2359 suam.
