1737 2836
498 224 637 249 CANTLs
664 223 806 248 PRIMUS.
1170 215 1238 247 303

66 298 184 342 tertio,
205 296 290 342 quia
319 306 509 341 nunquam
533 296 760 340 fulminatur,
788 295 836 330 ita
863 295 963 330 nulla
982 294 1046 339 vis,
1070 297 1238 340 potestas,

68 358 123 393 vel
142 360 305 392 vetustas
325 359 442 402 potest
460 355 583 391 delere
602 356 736 390 samam
760 355 924 390 istorum.
941 355 982 389 Et
1002 357 1098 399 nota,
1114 354 1239 398 lector,

69 417 167 463 quod
199 417 317 452 solum
353 416 427 451 duo
463 425 601 462 genera
637 415 829 450 hominum
864 424 1038 449 coronam
1074 414 1240 449 lauream

66 477 386 523 promerebantur,
414 475 559 520 scilicet,
588 475 766 520 principes
786 474 1052 520 triumphantes
1071 477 1107 509 et
1126 477 1242 520 poetae

68 537 284 573 scribentes:
313 547 358 572 ex
391 546 464 582 quo
496 535 670 581 colligere
702 538 804 581 potes
839 534 935 580 quod
970 535 1069 570 nulla
1104 535 1241 570 artium

68 598 133 633 suit
162 608 324 642 unquam
358 600 501 632 tantum
536 597 714 631 honorata
747 598 787 630 ut
818 595 945 640 poesis.
981 595 1072 630 Nam
1104 595 1243 640 antiqui

68 657 320 703 sapientISsimi
349 657 465 702 primo
493 656 614 703 graeci,
637 655 766 691 deinde
786 654 928 690 romani
947 655 1107 690 cultores
1127 654 1243 689 virtu-

69 720 161 762 tum,
189 717 438 761 scientiarum,
465 717 602 763 legum,
631 726 778 751 morum
811 718 847 751 et
878 715 1044 750 omnium
1080 714 1244 750 laudabi—

70 778 158 813 lium
186 777 371 812 bonorum
399 776 598 811 voluerunt
625 779 665 811 ut
693 778 808 821 poetae
836 775 914 820 pari
946 775 1098 820 praemio
1128 775 1244 810 hono-

71 841 242 873 rarentur
282 847 367 872 curn
404 836 623 882 principibus
651 835 860 872 victoribus.
902 835 980 870 Non
1021 845 1109 881 ergo
1149 834 1245 869 dicat

69 898 218 943 aliquis:
241 901 277 933 et
297 897 392 933 unde
407 901 461 933 est
479 897 577 942 quod
593 898 669 931 haec
685 895 833 931 scientia
853 898 906 930 est
928 895 1034 930 hodie
1053 895 1101 930 ita
1121 895 1246 941 negle-

72 961 140 1003 cta,
156 958 221 993 nisi
241 958 326 1003 quia
341 958 416 993 visa
438 961 492 993 est
512 957 657 1002 inutilis,
674 957 864 992 inhonesta
879 960 893 990 ζ’
919 956 1027 991 Certe
1041 956 1110 991 hoc
1124 956 1242 991 solum

73 1018 155 1054 fecit
181 1018 334 1053 avaritia
361 1022 397 1053 et
424 1017 567 1065 ignavia
596 1017 871 1061 modernorum,
892 1016 977 1061 quia
1000 1027 1097 1052 nunc
1125 1017 1245 1052 solum

72 1081 224 1113 vacatur
250 1078 445 1114 commodo
473 1077 664 1122 lucrativo,
685 1076 781 1112 unde
802 1076 899 1122 viget
922 1076 1112 1112 decretalis
1131 1077 1245 1112 hono-

74 1142 177 1174 ratur
204 1141 239 1174 et
266 1138 484 1173 sublimatur
507 1148 573 1184 per
592 1137 808 1182 sacerdotes,
828 1137 873 1172 de
892 1147 967 1182 quo
986 1140 1092 1182 poeta
1114 1137 1248 1172 Dantes

73 1199 314 1244 conqueritur
335 1198 390 1234 hic
412 1201 447 1234 et
473 1198 568 1233 alibi.
590 1197 746 1233 Ulterius
765 1197 848 1232 volo
868 1200 904 1232 te
922 1197 1014 1232 scire
1034 1197 1131 1242 quod
1154 1197 1248 1232 sicut

76 1259 202 1294 laurus
224 1259 335 1294 arbor
355 1258 480 1293 Phoehi
507 1258 663 1293 dabatur
687 1257 800 1303 poetis
827 1256 863 1291 in
891 1257 1085 1302 praemium
1109 1257 1247 1292 studio-

76 1329 171 1363 rum,
199 1318 248 1354 ita
275 1318 411 1354 hedera
430 1318 540 1353 arbor
563 1317 693 1352 Bacchi
712 1317 908 1362 aliqnando
930 1317 1087 1352 dabatur
1110 1317 1246 1352 eisdem

75 1379 199 1425 poetis,
228 1389 310 1424 quae
338 1381 392 1414 est
423 1378 535 1413 calida
564 1377 668 1412 valde
695 1380 731 1412 et
764 1376 971 1412 firmissime
998 1377 1159 1412 adhaeret
1186 1387 1248 1412 ar-

75 1439 225 1474 boribus
252 1442 287 1474 et
315 1437 430 1472 muris
450 1448 542 1482 quos
562 1440 680 1472 rectos
696 1433 731 1480 ς’)
752 1440 861 1472 tenet.
882 1437 941 1471 Est
962 1439 1087 1472 autem
1117 1436 1251 1472 hedera

77 1509 121 1534 ex
152 1509 223 1533 una
251 1501 354 1544 parte
373 1497 513 1543 pallida,
534 1497 631 1542 quod
655 1496 831 1542 significat
858 1496 1033 1542 pallorem
1054 1500 1249 1542 poetarum

77 1570 123 1595 ex
143 1559 254 1594 nimio
274 1558 404 1603 studio,
424 1568 468 1593 ex
489 1557 604 1593 altera
624 1556 757 1602 viridis,
777 1556 875 1601 quod
894 1556 1071 1603 significat
1090 1556 1252 1591 viridita-

77 1622 150 1654 tem
179 1618 295 1653 farnze.
324 1617 426 1653 Unde
453 1617 651 1652 Martianus
683 1616 827 1662 Capella
854 1616 890 1651 in
917 1616 1010 1651 libro
1043 1616 1088 1652 (le
1121 1616 1254 1662 nuptiis

78 1678 246 1714 Mercurii
279 1677 381 1722 dicit,
419 1677 517 1722 quod
556 1677 756 1721 Homerus,
790 1675 980 1722 Virgilius,
1020 1676 1150 1720 Linus,
1185 1676 1246 1711 Or-

79 1739 204 1785 pheus,
224 1742 260 1773 et
279 1739 436 1772 Musaeus
460 1740 564 1772 erant
591 1737 709 1772 ornati
729 1736 883 1772 hedera:
911 1735 1068 1772 dabatur
1086 1739 1122 1772 et
1144 1735 1250 1771 tertio

79 1799 148 1834 alia
168 1808 303 1833 corona
323 1797 448 1842 poetis,
468 1797 614 1841 scilicet,
634 1807 680 1831 ex
701 1797 858 1842 myrtho,
878 1806 961 1841 quae
983 1799 1037 1831 est
1055 1796 1167 1831 arbor
1187 1795 1255 1830 Ve-

81 1858 178 1894 neris
199 1857 244 1892 ad
267 1857 525 1892 insinuandum
548 1857 709 1892 calorem
730 1856 864 1902 ingenii
883 1859 1075 1901 poetarum
1096 1860 1132 1891 et
1150 1866 1255 1891 amo—

81 1928 159 1954 rem
188 1917 249 1962 qui
276 1927 421 1962 semper
438 1912 473 1960 (²)
495 1917 610 1951 fervet
638 1916 673 1950 in
699 1915 907 1961 pectoribus
935 1926 1082 1959 eorum,
1103 1915 1161 1950 vel
1180 1915 1254 1950 cla-

83 1978 226 2012 ritatem
255 1981 461 2023 poetarum,
489 1976 574 2021 quia
603 1976 723 2011 Venus
751 1979 804 2011 est
831 1975 1030 2011 clarissima
1057 1976 1170 2020 stella,
1198 1976 1256 2011 vel

85 2037 170 2082 quia
198 2040 303 2083 poeta
330 2036 452 2072 divino
480 2036 638 2081 quodam
668 2035 797 2081 spiritu
830 2035 1091 2080 inflammatur,
1125 2039 1165 2070 ut
1201 2039 1255 2071 te-

83 2100 199 2149 statur
218 2096 367 2132 Tullius.
388 2096 439 2131 Ad
460 2097 601 2132 literam
626 2106 732 2153 ergo:
755 2095 889 2131 Dantes
908 2106 952 2130 ex
976 2106 1109 2142 magna
1125 2095 1255 2131 fiducia

83 2156 138 2191 sui
171 2156 303 2202 ingenii
337 2160 525 2201 tamquam
559 2159 665 2201 poeta
704 2166 859 2201 magnus
893 2156 1069 2201 promittit
1105 2156 1256 2201 Apollini

147 2248 173 2277 (¹)
192 2248 220 2271 L.
239 2251 323 2271 rectos
341 2249 437 2272 dicunt.
456 2249 493 2272 Ex
511 2249 559 2272 hoc
579 2251 672 2272 aulem.

147 2287 172 2317 (²)
190 2287 214 2310 S.
232 2294 246 2310 e
264 2287 293 2310 E.
311 2294 413 2317 semper
430 2288 533 2311 ferbuit.
545 2301 574 2305 —
586 2290 607 2315 Ιι,
627 2287 728 2311 servuit.
