1766 2856
471 242 539 273 500
864 243 1067 269 COMENTUM
1094 242 1265 267 PARAnlsl

470 320 600 357 obtulit
626 319 701 354 Deo
730 326 861 363 panem
891 319 926 351 et
954 315 1093 360 vinum,
1114 315 1148 350 in
1169 324 1243 360 quo
1262 313 1520 360 praefiguratus
1541 310 1577 358 (¹)
1599 317 1653 349 est

471 381 633 417 Christus
661 378 722 424 qui
751 377 817 412 fuit
852 386 918 412 rex
950 379 985 412 et
1023 375 1204 420 sacerdos,
1233 374 1310 410 sine
1338 377 1456 410 matre
1483 374 1519 409 in
1546 374 1651 420 coelo,

471 441 546 476 siue
573 443 677 485 patre
703 439 739 473 iu
767 441 889 482 terra,
917 438 960 472 ecl
985 438 1079 472 altro
1107 438 1232 481 quello,
1252 435 1387 471 scilicet
1413 435 1571 471 Dedalus
1597 435 1653 470 in—

470 499 653 547 geniosus,
681 500 739 534 che
766 499 919 533 volando
941 508 1046 543 perse
1073 499 1098 532 il
1118 498 1231 542 fiylcsso,
1258 497 1361 542 idest,
1389 496 1544 542 perdidit
1573 496 1651 532 Ica-

474 571 555 596 rum
585 559 699 595 filium
727 570 849 604 suum,
870 558 932 604 qui
955 558 1087 594 cadens
1115 558 1151 593 iu
1181 568 1284 593 mare
1307 557 1506 593 suffocatus
1525 560 1591 603 est,
1613 560 1654 592 ut

471 621 555 657 alibi
581 620 719 656 dictum
747 622 811 654 est.
828 621 940 653 -ζα
969 620 1152 654 circulare.
1182 618 1245 654 Hic
1273 617 1425 653 Carolus
1453 617 1546 653 facta
1565 627 1653 653 con—

471 681 634 717 clusione
660 691 727 716 sua
754 680 915 716 declarat
943 689 1058 714 uuum
1089 678 1187 724 quod
1216 678 1355 714 dictum
1388 682 1442 714 est
1469 689 1581 724 supra
1608 678 1653 714 de

472 745 603 777 natura
642 741 736 786 coeli,
770 751 853 786 quae
896 739 1051 774 iufundit
1086 739 1260 775 virtutem
1296 750 1402 775 suam
1436 739 1573 785 ubique
1607 738 1653 775 ad

470 802 632 838 diversos
659 802 811 837 effectus
843 799 1121 846 producendos,
1156 799 1218 835 sed
1254 810 1327 835 non
1362 800 1538 846 distincte,
1567 799 1652 846 quia

471 863 506 898 in
528 862 641 897 filium
662 861 786 896 rustici
807 860 959 896 infundit
980 860 1323 907 magnanimitatem
1342 861 1540 906 interdum,
1560 864 1595 897 et
1616 860 1653 896 in

471 922 583 957 filium
622 922 717 968 regis
754 921 941 957 vilitatem.
974 921 1016 956 Et
1048 921 1129 956 ideo
1167 924 1252 956 uota
1288 921 1383 957 bene
1418 921 1517 966 quod
1543 931 1654 957 omne

470 992 582 1029 agens
610 981 777 1017 naturale
809 985 965 1017 conatur
997 981 1200 1017 assimilare
1232 981 1298 1017 sibi
1325 992 1455 1028 pasum
1473 977 1521 1026 (ἓ).
1551 981 1652 1017 Unde

470 1046 573 1088 pater
600 1042 818 1078 naturaliter
850 1041 1000 1077 deberet
1032 1052 1215 1089 generare
1244 1043 1357 1078 filium
1387 1043 1452 1078 sibi
1484 1043 1652 1088 similem,

471 1106 507 1138 et
534 1102 656 1148 quoad
683 1103 904 1138 lineamenta
933 1102 1188 1138 membrorum
1226 1107 1261 1139 et
1289 1103 1411 1149 quoad
1439 1103 1653 1149 qualitatem

472 1174 638 1209 morum,
668 1163 764 1199 unde
792 1163 935 1210 sapiens
963 1163 1179 1199 naturaliter
1207 1164 1289 1200 facit
1315 1164 1528 1210 sapientem,
1553 1164 1653 1199 fortis

472 1223 627 1269 fortem,
657 1224 719 1260 sed
747 1224 861 1259 multa
895 1223 1155 1269 impedimenta
1189 1227 1331 1259 naturae
1365 1223 1503 1259 faciunt
1533 1224 1652 1270 ipsum

471 1284 705 1320 dissimilem:
735 1284 832 1320 unde
860 1294 945 1320 cum
974 1284 1029 1319 vir
1056 1283 1206 1320 deberet
1243 1284 1364 1319 facere
1395 1284 1529 1329 virum,
1558 1294 1654 1330 saepe

471 1349 595 1381 tamen
631 1345 714 1381 facit
751 1345 952 1390 foemiuam,
991 1355 1074 1390 quae
1110 1348 1164 1380 est
1200 1344 1256 1380 vir
1283 1344 1535 1380 occasionatus
1562 1347 1654 1381 teste

470 1406 692 1452 philosopho,
727 1405 818 1441 idest
852 1405 1083 1441 occasionem
1118 1416 1247 1452 passus
1274 1416 1319 1441 ex
1348 1405 1493 1441 defectu
1524 1405 1654 1441 caloris

470 1467 526 1503 vel
553 1478 599 1503 ex
626 1466 868 1502 inobedientia
897 1466 1071 1502 materiae.
1102 1466 1194 1501 Dicit
1221 1476 1333 1512 ergo:
1363 1467 1413 1500 La
1435 1468 1566 1500 natura
1583 1467 1654 1500 cir—

468 1529 580 1572 calar,
611 1526 701 1562 idest
733 1526 900 1571 coelestis,
928 1525 1008 1561 clc'e'
1037 1528 1206 1570 ειιῃῃεῐῐο,
1241 1525 1344 1571 idest,
1377 1525 1553 1572 imprimit
1580 1525 1654 1561 for—

471 1598 568 1622 mam
597 1597 701 1622 more
728 1587 844 1633 sigilli,
872 1588 944 1622 alla
971 1597 1053 1622 cera
1082 1588 1242 1630 mortale,
1266 1586 1367 1632 idest,
1397 1587 1432 1621 in
1460 1586 1653 1623 materiam

470 1647 692 1692 inferiorem,
726 1649 767 1692 fa
805 1647 868 1682 ben
907 1649 958 1682 szc'
985 1651 1074 1691 urle,
1110 1647 1212 1692 idest,
1247 1647 1341 1682 bene
1376 1647 1458 1682 facit
1492 1647 1655 1683 diversos

471 1707 622 1743 effectus
653 1707 689 1742 in
717 1707 831 1752 nobis,
859 1710 900 1742 ut
927 1707 1163 1753 praedicitur3
1192 1718 1248 1741 ma
1276 1717 1345 1742 non
1375 1708 1546 1751 dae'scinyue
1572 1709 1655 1742 l'zm

470 1769 554 1802 dall'
568 1769 660 1802 altro
694 1769 824 1811 oscello,
865 1767 966 1812 idest,
1003 1777 1118 1802 uuum
1151 1767 1349 1813 hospitium
1386 1767 1433 1802 ab
1467 1767 1549 1813 alio,
1584 1767 1655 1803 sci-

471 1827 552 1863 licet
579 1838 735 1873 corpora
763 1827 985 1873 receptibilia
1018 1827 1235 1872 formarum,
1264 1827 1358 1863 sicut
1385 1838 1541 1874 corpora
1569 1838 1653 1874 quae

469 1891 553 1923 sunt
581 1888 802 1934 receptibilia
829 1887 1059 1932 animarum,
1088 1887 1214 1933 immo,
1243 1887 1341 1933 quod
1366 1888 1567 1924 mirabilius
1594 1887 1650 1924 vi-

470 1948 588 1993 detur,
617 1958 714 1994 saepe
745 1948 780 1983 in
809 1948 983 1984 eumdem
1017 1952 1167 1984 uterum
1204 1948 1313 1983 simul
1353 1948 1508 1983 infundit
1534 1948 1655 1985 diver-

470 2008 614 2044 sitatem
643 2019 829 2056 magnam,
857 2008 950 2044 sicut
979 2008 1148 2044 videmus
1166 2008 1202 2043 in
1221 2008 1345 2044 multis
1364 2009 1540 2055 gemellis.
1569 2008 1653 2044 Ideo

469 2068 611 2104 subdit:
647 2070 773 2114 quinci,
810 2069 912 2115 idest,
948 2069 994 2104 ab
1030 2069 1097 2104 ista
1135 2072 1265 2104 natura
1302 2069 1452 2114 coelesti,
1489 2069 1655 2104 addivien

470 2131 520 2165 ch'
539 2127 629 2165 Esar'c
654 2132 685 2165 st
710 2131 847 2175 daparle
873 2131 921 2165 cla
947 2130 1157 2180 Jacobkqui
1186 2129 1337 2165 fuerunt
1364 2129 1496 2165 fratres
1523 2129 1653 2166 eodem

471 2194 577 2236 partu
608 2191 693 2236 nati,
721 2194 757 2226 et
784 2194 907 2226 tamen
936 2190 1087 2227 fuerunt
1113 2190 1162 2226 ita
1189 2190 1321 2226 diversi
1348 2194 1384 2226 et
1410 2190 1565 2235 adversi,
1587 2200 1654 2235 per

535 2323 562 2352 (¹)
580 2322 604 2346 S.
622 2328 636 2345 e
654 2324 676 2351 4,
695 2322 828 2352 figuratus.
1052 2322 1078 2351 U)
1098 2322 1127 2345 E.
1145 2322 1192 2345 sibi
1211 2329 1322 2352 passum.
