1737 2836
400 261 537 287 CANTUs
564 263 753 288 x‘lGEslmus
781 263 923 288 SEXTL‘S.
1170 257 1235 289 137

66 331 270 378 Purgatorii
299 332 456 378 capitulo
475 333 531 367 XI.
551 334 593 368 Et
622 333 762 369 breviat
789 335 881 370 hauc
908 334 1111 370 orationem
1134 334 1179 370 de
1199 345 1237 370 se

68 392 229 437 brevem,
258 392 401 428 dicens:
430 397 559 440 quanto
584 394 728 437 bisogna
755 405 778 428 α
804 396 865 429 not
889 396 925 430 dt
951 399 1067 440 questo
1095 397 1236 439 mondo:

66 451 210 497 scilicet,
240 452 472 498 purgatorio;
493 453 595 498 quasi
623 453 727 499 dicat,
749 465 866 499 usque
887 454 933 489 ad
960 455 1057 490 illam
1078 455 1237 501 particu-

65 511 150 556 lam,
177 516 209 546 et
234 523 276 546 ne
302 523 365 547 nos
392 514 535 547 lactucas
569 514 605 548 *in
633 515 863 557 tentationem,
891 515 976 559 quia
1009 525 1081 550 non
1108 526 1236 561 possu-

66 582 148 606 mus
174 572 329 618 amplius
357 573 487 609 tentari
516 583 582 608 nec
607 583 779 619 peccare;
799 573 879 609 ideo
906 574 1008 609 dicit:
1032 577 1118 610 (Iove
1135 580 1236 620 poter

63 642 192 676 pecc-ar
219 643 288 667 non
315 631 333 668 e*
352 630 414 677 pite
435 637 556 668 nostro
565 646 579 678 ,-
598 637 633 668 et
655 636 778 669 tamen
800 644 910 679 supra
938 634 973 668 in
1000 636 1235 681 praeallegato

67 692 223 737 capitulo
250 692 395 737 spiritus
422 692 484 737 qui
509 697 713 739 purgantur
739 704 761 728 a
787 693 957 738 superbia
976 693 1100 728 dicunt
1122 698 1234 729 totam

67 751 159 786 hanc
185 751 388 787 orationem
408 752 641 798 integraliter.
661 753 704 788 Et
723 753 903 788 concludit
922 756 1027 799 poeta
1048 763 1235 789 recessum

66 810 238 846 Guidonis
267 822 330 857 per
358 822 468 846 unam
497 813 807 858 comparationem
830 814 981 859 claram,
1003 814 1141 849 dicens:
1160 816 1234 858 pol,

66 870 123 906 ille
150 871 278 916 Gaulo,
305 873 469 916 dispar-ve
486 883 551 916 per
569 874 602 907 lo
618 874 733 918 fuoco,
761 873 846 918 quia
876 873 1027 909 retraxit
1054 884 1093 909 se
1120 874 1235 920 magis

64 930 158 966 intra
185 931 305 977 ignem
334 932 395 966 ubi
423 936 501 967 erat
529 932 719 977 Arnaldus,
748 933 805 968 cui
835 933 942 968 dixit:
970 932 1060 968 vade
1078 929 1112 977 (Ἴ)
1135 936 1234 978 tunc,

63 1002 157 1026 come
178 1002 245 1035 per
271 993 431 1035 l’acqua,
458 993 595 1038 supple,
624 993 793 1038 disparet,
819 994 845 1027 il
869 1003 970 1037 pesce
1001 994 1168 1027 autlando
1199 994 1237 1027 al

62 1052 184 1096 fondo,
212 1051 356 1096 scilicet,
386 1056 457 1087 tam
487 1052 636 1087 faciliter
664 1056 699 1087 et
721 1056 794 1087 tam
815 1052 901 1087 cito:
930 1055 966 1088 et
993 1062 1079 1087 ecce
1106 1063 1232 1098 quaro,

61 1112 159 1156 forse
179 1122 246 1155 per
272 1112 341 1146 (Iar
368 1113 442 1146 loco
469 1113 587 1155 altrat)
608 1112 753 1157 scilicet,
773 1111 931 1147 Arnaldo
950 1122 1061 1157 quem
1090 1115 1233 1147 tantum

64 1170 288 1216 laudaverat,
312 1172 460 1206 secondo
487 1173 544 1206 che
565 1182 690 1216 presso
717 1182 817 1214 area,
838 1172 922 1217 quia
950 1172 1128 1206 Arnaldus
1155 1175 1234 1207 erat

64 1231 245 1266 secundus
277 1235 356 1277 post
389 1242 474 1267 eum
504 1232 839 1268 immediate—Io
873 1234 920 1266 mi
949 1234 1024 1277 sect.
1048 1232 1152 1267 Nunc
1179 1232 1234 1267 ul-

65 1290 153 1325 timo
179 1294 286 1336 pocta
309 1291 443 1326 inducit
476 1291 646 1326 ultimum
679 1292 906 1328 inventorem
939 1291 1152 1337 praedictum
1175 1292 1234 1327 cui

64 1350 239 1395 promittit
266 1350 419 1395 samamg
447 1354 482 1386 et
510 1351 568 1386 ille
595 1351 679 1396 petit
707 1362 842 1397 proces.
871 1351 962 1386 Dicit
989 1362 1099 1397 ergo:
1128 1354 1168 1386 10
1188 1353 1235 1386 νηί

60 1411 127 1455 secz'
152 1420 197 1444 nn
222 1420 310 1453 poco
337 1411 482 1444 innanzi
500 1412 537 1445 al
560 1414 741 1454 mostrato,
761 1411 893 1446 scilicet
918 1411 1087 1456 Arnaldo,
1107 1411 1233 1446 volens

64 1469 207 1505 deferre
234 1469 299 1504 sihi
326 1470 515 1515 honorem,
544 1470 629 1515 quia
658 1473 799 1505 tantum
831 1470 950 1505 suerat
982 1470 1068 1505 mihi
1106 1471 1233 1506 lauda-

63 1532 120 1563 tus
148 1539 212 1574 per
238 1528 461 1564 Guidonem:
489 1541 506 1564 e
531 1531 616 1564 disse·
640 1531 739 1564 clz'al
763 1540 824 1564 suo
852 1540 964 1574 nome,
985 1530 1134 1575 famoso,
1156 1530 1231 1566 sive

62 1588 157 1623 fama
184 1588 303 1634 digno,
331 1590 356 1622 il
381 1590 448 1623 mio
475 1590 598 1633 desire7
634 1589 735 1634 idest7
763 1589 926 1634 aviditas,
953 1591 1233 1634 appareccln'ava

60 1649 226 1691 yraztoso
253 1649 341 1691 loco,
369 1647 513 1693 scilicet,
541 1648 718 1684 scribendi
747 1648 882 1693 aliquid
909 1648 954 1684 de
981 1659 1025 1684 eo
1059 1659 1145 1684 cum
1174 1659 1233 1684 re—

61 1707 192 1743 dissem
214 1707 259 1742 ad
281 1707 459 1742 mundum
480 1708 692 1744 viventium.
713 1709 754 1743 Et
777 1709 897 1744 subdit
915 1714 1059 1755 gratam
1081 1719 1232 1755 respon—

62 1767 199 1802 sionem
228 1767 318 1812 eius,
345 1767 486 1802 dicens:
515 1770 558 1803 El
582 1766 761 1812 convincis),
789 1769 934 1814 scilicet⁷
954 1769 1013 1804 ille
1039 1769 1230 1814 Arnaldus,

62 1827 281 1862 libet-amente
315 1838 338 1861 a
377 1829 464 1871 (lire,
507 1828 541 1862 in
575 1839 642 1863 suo
677 1829 848 1864 idiomate
885 1829 1114 1874 provinciali:
1158 1832 1230 1864 Tan

63 1886 250 1929 m'abclltis,
270 1886 369 1931 idest,
391 1890 531 1921 tantum
555 1889 672 1933 placet
691 1888 789 1933 mihi,
811 1893 925 1923 vostre
950 1893 1061 1923 cortes
1090 1890 1230 1932 deman,

63 1945 162 1990 idest,
192 1949 310 1981 vestra
343 1946 488 1980 curialis
519 1947 654 1991 petitio,
689 1948 789 1992 quasi
825 1948 918 1982 dicat
952 1948 1084 1982 latine:
1122 1951 1230 1983 Tanto

60 2005 293 2048 m’abbellisce,
315 2006 349 2039 [α
373 2009 490 2039 rostra
509 2009 638 2040 corlese
658 2007 837 2041 domanda
846 2020 861 2051 ,-
881 2008 995 2048 Qu't'ezc
1010 2018 1055 2041 no
1070 2018 1102 2041 m
1114 2018 1229 2052 paese,

60 2066 96 2099 ni
118 2076 149 2098 m
171 2066 251 2099 voill
267 2076 289 2099 α
309 2076 370 2099 cos
389 2065 547 2110 cobrit·e;
565 2065 665 2110 idest,
685 2066 782 2111 quod
802 2076 874 2101 non
892 2077 1038 2112 possum
1060 2078 1125 2103 nec
1148 2069 1230 2103 volo

62 2125 161 2160 vobis
179 2125 300 2160 celare
315 2125 371 2160 vel
388 2131 512 2171 tegere
529 2136 606 2170 meg
623 2129 659 2161 et
680 2125 760 2161 ideo
779 2126 878 2161 dico:
897 2129 959 2161 Jeu
973 2129 1043 2162 suis
1057 2131 1228 2171 Arnaulz,

60 2185 118 2219 elce
133 2186 213 2229 plor
231 2196 248 2219 e
267 2187 324 2219 vat
343 2187 507 2229 cltcmlan,
523 2185 623 2230 idest,
644 2196 712 2231 ego
735 2196 816 2221 sum
836 2186 1025 2232 Arnaldus‚
1046 2188 1107 2232 qui
1127 2188 1229 2234 ploro

120 2315 147 2345 (¹)
168 2315 194 2338 Ε.
212 2321 226 2338 e
244 2317 296 2344 117,
315 2315 376 2339 vade
395 2318 422 2338 lu
441 2322 516 2339 nunc.
