1766 2856
529 256 598 288 :230
890 261 1093 287 COMENTtM
1120 261 1338 286 PL‘RGATORII

526 338 732 381 poetarum,
761 335 952 369 rhetorum
982 337 1017 369 et
1050 336 1254 368 oratorum.
1289 332 1389 368 Unde
1416 333 1583 368 Ruffinus
1610 333 1703 368 obii-

526 395 573 430 cit
591 395 677 429 sibi:
699 395 767 429 Iste
786 393 912 428 doctor
935 396 1057 428 noster
1076 391 1110 437 υ)
1131 393 1192 438 qui
1212 393 1348 428 fatetur
1366 403 1405 428 se
1423 393 1701 429 abrenuntiasse

525 454 651 501 poetis,
688 454 801 489 nescit
836 453 958 489 dicere
993 453 1163 498 verbum,
1195 463 1281 489 cum
1304 448 1339 497 (²)
1374 453 1491 488 dicat:
1530 453 1700 500 Virgilius

526 524 643 558 meus,
672 517 705 549 et
733 513 904 549 Horatius
931 517 1065 549 noster.
1094 513 1192 549 Licet
1219 513 1315 549 enim
1350 517 1466 559 poetae
1493 513 1701 558 scripserint

526 574 641 610 multa
669 584 762 609 vana
790 576 825 609 et.
852 573 996 618 lasciva,
1017 573 1109 608 sicut
1137 573 1181 608 de
1205 583 1333 608 amore
1352 576 1388 608 et
1406 572 1594 618 similibus,
1614 572 1700 617 quia

524 644 597 669 non
625 634 743 669 solum
772 633 938 669 homines
966 633 1126 678 fuerunt,
1155 633 1216 668 sed
1245 633 1386 679 pagani,
1411 633 1504 667 sicut
1531 632 1615 668 dicit
1634 632 1702 667 Pe—

524 694 670 729 trarcha
698 694 733 728 in
761 693 919 739 quadam
948 693 1109 740 epistola,
1130 703 1241 738 quam
1261 693 1306 728 ad
1329 703 1389 728 me
1417 692 1558 737 scribit3
1579 695 1702 728 tamen

524 755 664 801 poetria
690 764 795 799 aeque
815 754 908 789 bene
927 757 1045 800 potest
1064 753 1196 789 cadere
1214 753 1249 787 in
1269 753 1403 788 bonam
1423 756 1599 796 mentem,
1618 762 1701 797 quae

524 815 718 850 materiam
747 814 927 849 describat
956 815 1157 858 honestam,
1187 813 1280 849 sicut
1312 813 1476 849 fecerunt
1503 812 1702 848 Martianus

524 875 679 921 Capella,
707 874 865 919 Boetius,
894 875 1077 919 Rabanus,
1111 874 1321 919 Juvencins,
1357 873 1538 917 Sedulius,
1571 873 1703 907 Arator

525 938 559 971 et
578 935 636 970 alii
656 934 771 969 multi.
800 934 842 969 Et
869 934 971 969 dicit:
995 938 1028 969 et
1043 936 1193 969 ascolta:
1211 930 1239 969 s}
1261 935 1378 969 adimi
1395 944 1490 969 come
1509 935 1579 968 mia
1597 943 1704 968 carne

524 996 669 1040 sepolta,
686 998 879 1041 postquam
900 995 950 1029 sui
972 998 1132 1039 mortua,
1147 996 1285 1030 (loz-eali
1303 1005 1445 1029 muocer
1464 996 1496 1029 ιή
1517 995 1700 1029 contraria

522 1059 638 1101 parte,
666 1055 810 1100 scilicet,
839 1055 884 1090 ad
911 1055 1155 1091 deserendum
1184 1055 1272 1091 alias
1299 1058 1334 1090 et
1362 1055 1590 1100 sequendum
1621 1065 1700 1100 me;

525 1120 561 1152 et
589 1119 628 1151 tu
657 1120 744 1151 tunc
775 1115 901 1151 dedisti
936 1119 971 1151 te
998 1115 1099 1151 vanis
1131 1115 1331 1150 honoribus
1366 1119 1402 1150 et
1432 1115 1631 1160 amoribus,
1664 1119 1700 1151 et

525 1180 611 1211 tunc
630 1186 732 1211 sacra
752 1175 899 1211 scientia
923 1175 1020 1221 apud
1039 1178 1075 1211 te
1099 1179 1245 1210 mortua
1265 1178 1319 1210 est
1338 1179 1373 1210 et
1392 1176 1543 1221 sepulta.
1556 1177 1699 1209 -Μαὶ,

525 1236 588 1271 Hic
616 1235 761 1271 Beatrix
790 1235 919 1280 probat
951 1235 1048 1280 quod
1081 1245 1186 1270 amor
1218 1245 1306 1270 suus
1339 1238 1418 1270 erat
1451 1235 1701 1281 praeferendus

525 1296 643 1331 amori
671 1299 890 1331 caeterarum
919 1295 1060 1331 ratione
1087 1295 1310 1331 excellentiae
1339 1305 1426 1340 suae,
1455 1306 1566 1341 quam
1602 1295 1700 1330 nulla

523 1356 593 1391 alia
625 1359 740 1402 potest
767 1356 962 1402 attingere,
991 1355 1088 1391 unde
1115 1355 1218 1391 dicit:
1248 1357 1387 1390 Natura
1414 1357 1457 1390 ed
1483 1359 1572 1399 arte,
1599 1355 1700 1401 idest,

523 1415 645 1461 aliqua
674 1416 791 1451 forma
819 1415 994 1451 naturalis
1022 1415 1078 1451 vel
1106 1415 1313 1461 artificialis,
1342 1416 1435 1451 sicut
1462 1416 1594 1451 mulier
1621 1416 1702 1462 pul-

524 1476 682 1511 cerrima
700 1471 734 1520 Β)
764 1476 890 1511 vivens
918 1476 954 1510 in
981 1486 1091 1511 carne
1123 1476 1180 1511 vel
1212 1475 1317 1521 picta,
1346 1475 1403 1511 vel
1435 1476 1586 1521 sculpta,
1619 1486 1702 1521 quae

524 1536 685 1571 maxime
713 1536 802 1571 solet
829 1536 976 1570 allicere
1003 1536 1129 1570 oculos
1156 1535 1324 1581 hominis,
1345 1537 1417 1570 mai
1439 1546 1509 1570 non
1535 1537 1702 1581 t’appre-

523 1592 618 1629 seut«)
643 1597 776 1639 piacer,
801 1598 942 1629 tantum
972 1595 1110 1640 supple,
1130 1599 1258 1639 quanto
1286 1597 1315 1630 Ie
1341 1596 1423 1631 belle
1450 1596 1618 1640 membra,
1637 1596 1702 1631 de-

523 1655 597 1690 bite
623 1655 909 1700 proportionata,
938 1657 970 1689 in
1000 1656 1096 1689 cle’z'o
1123 1656 1299 1689 rinchinsa
1323 1656 1390 1700 sm',
1419 1655 1453 1690 in
1487 1655 1571 1700 vita,
1599 1666 1616 1690 e
1643 1657 1700 1690 che

521 1725 584 1749 son
614 1718 709 1749 [erra
736 1719 867 1759 sparte,
895 1714 980 1760 quia
1013 1715 1173 1750 resoluta
1206 1714 1241 1749 in
1274 1718 1412 1750 terram
1447 1725 1571 1760 sparsa
1603 1719 1698 1750 sunt.

523 1775 564 1810 Et
594 1778 676 1810 nota
700 1775 798 1820 quod
822 1775 886 1810 ista
909 1775 1012 1810 litera
1032 1778 1148 1820 potest
1171 1774 1317 1820 intelligi
1342 1774 1511 1810 historice
1530 1785 1596 1820 pro
1615 1785 1701 1810 mu—

522 1835 611 1871 liere
639 1846 771 1871 carnea
803 1846 885 1880 quae
918 1835 993 1870 visa
1026 1838 1079 1870 est
1107 1835 1172 1869 sibi
1200 1834 1423 1880 pulcerrima
1458 1835 1637 1880 omnium,
1665 1839 1700 1871 et

523 1895 723 1942 anagogice
760 1906 825 1941 pro
861 1905 965 1930 sacra
1002 1894 1150 1930 scientia
1185 1894 1408 1940 pulcerrima
1449 1894 1699 1940 scientiarum,

523 1956 614 1991 sicut
642 1955 725 1991 dicit
752 1955 989 1991 Cassiodorus
1023 1956 1117 1999 qnod
1141 1957 1254 1990 onzm's
1280 1959 1346 1990 etc.
1375 1958 1411 1990 et
1439 1958 1525 1990 tunc
1553 1955 1697 1991 dicatur

523 2016 620 2062 quod
648 2016 774 2062 pulcra
805 2016 971 2052 membra
1004 2018 1087 2051 sunt
1120 2015 1235 2061 pulcri
1268 2015 1348 2050 libri
1381 2015 1442 2060 qui
1475 2016 1701 2051 constituunt

523 2086 655 2121 corpus
675 2076 877 2122 theologiae,
899 2079 933 2111 et.
952 2079 1037 2111 sunt
1055 2076 1169 2121 sparsi
1190 2076 1223 2110 in
1245 2079 1342 2111 terra
1362 2075 1500 2120 ubique
1519 2075 1696 2110 locorum.

523 2136 666 2178 Quanto
686 2146 775 2182 ergo
797 2136 862 2171 fuit
886 2136 1003 2172 maior
1024 2146 1130 2171 amor
1151 2139 1235 2171 tuus
1255 2146 1342 2182 erga
1366 2145 1436 2180 mc,
1458 2138 1558 2170 tanto
1583 2135 1699 2171 maior

523 2206 648 2240 error;
677 2195 774 2230 unde
802 2196 887 2241 petit
915 2206 999 2231 cum
1028 2196 1292 2242 indignatione:
1321 2196 1405 2239 qual
1429 2206 1511 2230 cosa
1539 2197 1696 2239 mortale,

586 2288 612 2317 (¹)
632 2288 660 2311 E.
678 2289 769 2311 dorlor
787 2292 879 2312 vester.
1070 2289 1096 2318 (²¹)
1115 2290 1144 2312 E.
1162 2290 1224 2320 quin
1243 2289 1316 2313 dicat.

586 2325 612 2355 ζ’)
630 2326 660 2349 E.
678 2326 834 2356 pulcerrima
849 2327 950 2357 juvenis
968 2327 993 2350 in
1012 2333 1096 2351 carne.
