1766 2856
518 258 564 289 96
880 262 1085 288 COMENTL‘M
1112 263 1333 289 PERGATonu

517 335 626 371 mittit
653 335 892 381 quaestionem
920 334 1062 380 plenius
1090 334 1301 370 solvendam
1321 334 1444 370 Statio.
1464 335 1566 371 Unde
1589 335 1690 371 dicit:

516 408 574 432 ma
588 407 665 431 ecco
680 398 738 440 qut
750 397 883 438 Stazio,
899 392 1029 439 perche*
1042 397 1166 430 dentro
1185 397 1342 439 c'aclaye,
1358 395 1461 441 idest,
1480 406 1693 431 accommo-

516 456 578 492 des
606 459 640 491 te
667 459 702 491 et
729 454 960 499 contentens,
989 465 1011 489 α
1038 459 1094 490 tuo
1121 457 1230 499 voler,
1253 455 1338 500 quia
1357 455 1462 491 video
1485 458 1520 491 te
1542 455 1690 490 avidum

515 515 684 552 audiendi
710 515 925 561 profundius
943 515 989 550 de
1015 515 1081 551 ista
1109 515 1411 560 materia‚rquam
1432 525 1497 560 per
1524 514 1691 561 exempla

515 576 716 612 artificialia
745 576 801 611 vel
828 575 1028 620 naturalia3
1057 575 1137 610 ideo
1171 575 1274 610 dicit:
1308 579 1339 609 e!
1370 577 1403 610 io
1435 576 1482 609 Ιιιί
1514 576 1649 609 cleiamo
1674 586 1692 610 e

513 638 654 681 prieyo,
681 637 739 670 che
765 637 818 670 sia
845 646 888 669 or
914 639 1062 670 ,ςαηαίον
1088 636 1174 670 delle
1201 639 1254 670 lue
1274 636 1394 679 pictye,
1421 635 1522 680 idest,
1543 635 1604 680 qui
1633 644 1692 671 re-

517 699 663 731 moveat
690 695 755 730 ista
782 695 892 730 dubia
920 695 965 730 de
993 699 1116 730 mente
1143 698 1218 739 tua⁷
1246 705 1329 741 quae
1356 695 1506 730 fuerunt
1539 698 1575 730 et
1608 698 1691 730 sunt

517 767 650 802 magna
677 756 830 791 vulnera
857 755 1066 790 animarum
1097 755 1313 800 multorum,
1341 755 1433 790 sicut
1459 755 1528 790 cito
1557 755 1692 801 patebit

516 816 618 851 infra.
647 815 715 851 Sed
747 815 804 849 hic
841 814 972 850 merito
1008 815 1125 849 oritur
1160 814 1347 859 dubitatio,
1376 825 1492 859 quare
1519 815 1691 861 Virgilius

516 876 719 911 committat
747 875 839 910 hanc
867 874 1108 919 quaestionem
1136 874 1346 910 solvendam
1376 874 1499 910 Statio.
1521 874 1573 909 Ad
1593 874 1691 920 quod

515 936 594 971 dico
622 935 719 980 quod
742 934 911 980 Virgilius
931 938 1077 969 secutus
1097 934 1285 969 Platonem
1304 935 1424 980 posuit
1443 935 1541 980 quod
1559 935 1691 970 animae

515 998 634 1031 essent
660 998 793 1030 creatae
821 995 867 1029 ab
895 998 1044 1039 aeterno,
1073 998 1108 1030 et
1134 1006 1154 1030 a
1183 995 1294 1030 stellis
1317 995 1529 1030 laberentur
1551 995 1588 1030 in
1609 1005 1692 1031 cor-

515 1066 604 1102 pora
632 1056 804 1099 humana,
833 1057 867 1089 et
896 1058 1020 1100 postea
1047 1054 1082 1089 in
1111 1058 1230 1090 morte
1266 1058 1543 1090 reverterentur
1571 1055 1616 1090 ad
1644 1055 1691 1090 si-

514 1115 602 1151 dera
626 1125 702 1150 sua.
722 1115 764 1149 Et
783 1114 951 1159 quamvis
971 1115 1050 1149 talis
1068 1115 1189 1160 opinio
1208 1118 1303 1150 esset
1322 1114 1442 1149 minus
1462 1116 1557 1150 mala
1578 1125 1689 1160 quam

515 1175 634 1221 opinio
661 1174 832 1209 Averrois
859 1177 895 1209 et
923 1175 1138 1219 multorum,
1167 1178 1290 1210 tamen
1322 1185 1477 1210 erronea
1513 1179 1566 1211 est
1593 1175 1688 1221 apud

516 1235 747 1279 christianos3
768 1233 848 1269 ideo
868 1234 961 1269 bene
981 1234 1117 1269 inducit
1136 1235 1292 1269 Statium
1312 1238 1418 1280 poeta
1438 1235 1688 1281 christianum,

516 1295 577 1340 qui
610 1294 812 1330 secundum
845 1294 1106 1340 philosophiam
1142 1298 1177 1330 et
1211 1294 1318 1330 fidem
1350 1298 1548 1340 pertractat
1584 1295 1689 1330 istam

516 1354 729 1390 materiam:
759 1354 924 1389 similiter
951 1360 1057 1400 poeta
1084 1354 1255 1390 describit
1287 1355 1379 1390 infra
1407 1355 1596 1390 ecclesiam
1625 1355 1689 1391 Dei

517 1414 744 1459 militantem,
772 1417 808 1449 et
834 1414 904 1449 alia
932 1415 1047 1450 multa
1075 1425 1158 1459 quae
1186 1425 1258 1450 non
1286 1418 1391 1450 erant
1418 1418 1503 1450 nota
1526 1415 1588 1460 ipsi
1609 1415 1690 1450 Vir—

515 1475 609 1521 gilio.
640 1474 723 1509 Ideo
750 1484 822 1509 nou
850 1474 945 1509 valet
973 1474 1070 1519 quod
1092 1474 1216 1510 dicunt
1236 1475 1383 1520 quidam
1404 1475 1502 1520 quod
1520 1475 1690 1521 Virgilius

515 1535 707 1570 committit
735 1534 791 1569 hic
819 1533 916 1569 tices
943 1544 1028 1569 suas
1055 1534 1178 1579 Statio,
1208 1535 1293 1580 quia
1326 1535 1390 1569 fuit
1418 1545 1574 1581 magnus
1601 1535 1691 1581 phy-

515 1595 610 1630 sicus
637 1598 672 1629 et
701 1594 879 1638 medicus;
908 1604 993 1628 nam
1029 1604 1101 1629 non
1133 1594 1258 1629 dubito
1293 1594 1390 1639 quod
1423 1594 1592 1640 Virgilius
1625 1594 1691 1629 fuit

516 1654 633 1689 maior
656 1654 822 1700 physicus
850 1657 885 1689 et
913 1653 1075 1689 medicus
1100 1654 1233 1689 Statio:
1254 1664 1339 1689 nam
1360 1654 1520 1689 maxime
1536 1651 1572 1697 tf*
1592 1655 1688 1690 dedit

515 1724 665 1760 operam
695 1713 893 1749 medicinfe.

591 1777 632 1809 Se
659 1776 693 1809 [α
723 1775 853 1808 redula.
875 1774 943 1809 Ista
971 1777 1025 1809 est
1052 1773 1210 1809 secunda
1238 1784 1322 1819 pars
1348 1774 1540 1820 generalis⁷
1561 1775 1596 1809 in
1616 1785 1688 1820 qua

515 1838 621 1881 poeta
649 1834 784 1869 inducit
811 1834 978 1879 Statium,
998 1834 1060 1879 qui
1081 1838 1201 1869 motus
1221 1834 1390 1879 precibus
1413 1834 1549 1880 Virgilii
1573 1835 1690 1871 inten’-

515 1896 563 1931 dit
593 1895 734 1930 solvere
767 1895 969 1940 specialiter
1000 1895 1133 1930 dictam
1167 1894 1418 1939 qufestionem.
1448 1895 1490 1929 Et
1515 1894 1688 1940 incipiens

515 1967 535 1991 a
562 1955 669 2002 longe
698 1955 814 2000 primo
842 1958 1041 2000 pertractat
1068 1954 1342 2000 generationem
1374 1954 1494 1999 soetus,
1523 1958 1558 1989 et
1584 1958 1688 1991 ante-

516 2027 626 2062 quam
650 2015 793 2061 incipiat
812 2018 963 2051 excusat
982 2026 1020 2051 se
1039 2015 1136 2060 quod
1156 2020 1353 2061 praesumat
1375 2015 1444 2050 hoc
1463 2024 1588 2050 coram
1610 2015 1689 2050 Vir-

514 2078 597 2125 gilio
614 2078 740 2112 maiori
762 2078 935 2124 magistro
956 2088 1004 2113 se.
1025 2078 1113 2113 Dicit
1133 2088 1222 2123 ergo
1245 2079 1373 2122 poeta:
1394 2077 1537 2120 Rispose
1555 2077 1687 2120 mazio,

516 2138 562 2172 illi
590 2137 737 2183 Virgilio
764 2148 848 2172 cum
870 2148 1002 2183 magna
1023 2137 1240 2180 reverentia,
1261 2146 1330 2170 non
1350 2140 1451 2180 polet·
1467 2137 1555 2180 sarlz'
1572 2137 1684 2181 nieqo,

516 2197 616 2242 idest,
645 2207 704 2231 me
732 2207 803 2231 non
832 2207 935 2242 posse
963 2197 1083 2232 facere
1116 2196 1345 2243 negationem
1384 2195 1444 2230 tibi
1479 2195 1625 2231 domino
1652 2199 1688 2231 et

579 2325 605 2355 (¹)
624 2326 652 2349 E.
672 2326 818 2349 maximam.
