<?xml version="1.0" encoding="UTF-8"?>
<!DOCTYPE html PUBLIC "-//W3C//DTD XHTML 1.0 Transitional//EN"
    "http://www.w3.org/TR/xhtml1/DTD/xhtml1-transitional.dtd">
<html xmlns="http://www.w3.org/1999/xhtml" xml:lang="en" lang="en">
 <head>
  <title>
</title>
<meta http-equiv="Content-Type" content="text/html;charset=utf-8" />
  <meta name='ocr-system' content='tesseract 3.04.00' />
  <meta name='ocr-capabilities' content='ocr_page ocr_carea ocr_par ocr_line ocrx_word'/>
</head>
<body>
  <div class='ocr_page' id='page_1' title='image "./comentumsuperdan04benvuoft_0483.png"; bbox 0 0 1737 2836; ppageno 0'>
   <div class='ocr_carea' id='block_1_1' title="bbox 484 182 1243 215">
    <p class='ocr_par' dir='ltr' id='par_1_1' title="bbox 484 182 1243 215">
     <span class='ocr_line' id='line_1_1' title="bbox 484 182 1243 215; baseline 0 -1"><span class='ocrx_word' id='word_1_1' title='bbox 484 190 621 215; x_wconf 73' lang='lat' dir='ltr'>CANTUS</span> <span class='ocrx_word' id='word_1_2' title='bbox 647 189 828 214; x_wconf 57' lang='lat' dir='ltr'>SEPTIMUS</span> <span class='ocrx_word' id='word_1_3' title='bbox 1175 182 1243 214; x_wconf 74' lang='grc'>463</span> 
     </span>
    </p>
   </div>
   <div class='ocr_carea' id='block_1_2' title="bbox 69 259 1250 2168">
    <p class='ocr_par' dir='ltr' id='par_1_2' title="bbox 69 259 1250 2168">
     <span class='ocr_line' id='line_1_2' title="bbox 71 259 1246 309; baseline -0.002 -11"><span class='ocrx_word' id='word_1_4' title='bbox 71 263 167 298; x_wconf 87' lang='lat' dir='ltr'>unde</span> <span class='ocrx_word' id='word_1_5' title='bbox 184 259 217 306; x_wconf 57' lang='grc' dir='ltr'>ζ’)</span> <span class='ocrx_word' id='word_1_6' title='bbox 249 263 353 298; x_wconf 87' lang='lat' dir='ltr'>multi</span> <span class='ocrx_word' id='word_1_7' title='bbox 381 267 416 298; x_wconf 90' lang='lat' dir='ltr'>et</span> <span class='ocrx_word' id='word_1_8' title='bbox 445 263 568 309; x_wconf 85' lang='lat' dir='ltr'>magni</span> <span class='ocrx_word' id='word_1_9' title='bbox 595 263 733 308; x_wconf 80' lang='lat' dir='ltr'>scopuli</span> <span class='ocrx_word' id='word_1_10' title='bbox 753 265 837 297; x_wconf 86' lang='lat' dir='ltr'>sunt</span> <span class='ocrx_word' id='word_1_11' title='bbox 864 262 899 297; x_wconf 89' lang='lat' dir='ltr'>in</span> <span class='ocrx_word' id='word_1_12' title='bbox 927 262 994 297; x_wconf 85' lang='lat' dir='ltr'>isto</span> <span class='ocrx_word' id='word_1_13' title='bbox 1020 261 1246 307; x_wconf 85' lang='lat' dir='ltr'>capitulo.—</span> 
     </span>
     <span class='ocr_line' id='line_1_3' title="bbox 70 322 1244 369; baseline -0.001 -12"><span class='ocrx_word' id='word_1_14' title='bbox 70 326 148 358; x_wconf 82' lang='lat' dir='ltr'>Per.</span> <span class='ocrx_word' id='word_1_15' title='bbox 176 323 281 357; x_wconf 79' lang='lat' dir='ltr'>Nunc</span> <span class='ocrx_word' id='word_1_16' title='bbox 308 323 453 358; x_wconf 66' lang='lat' dir='ltr'>Beatrix</span> <span class='ocrx_word' id='word_1_17' title='bbox 477 323 583 369; x_wconf 81' lang='lat' dir='ltr'>juxta</span> <span class='ocrx_word' id='word_1_18' title='bbox 612 323 835 368; x_wconf 86' lang='lat' dir='ltr'>promissum</span> <span class='ocrx_word' id='word_1_19' title='bbox 855 322 932 357; x_wconf 81' lang='lat' dir='ltr'>vult</span> <span class='ocrx_word' id='word_1_20' title='bbox 950 322 1092 357; x_wconf 86' lang='lat' dir='ltr'>solvere</span> <span class='ocrx_word' id='word_1_21' title='bbox 1112 325 1244 358; x_wconf 84' lang='lat' dir='ltr'>tactam</span> 
     </span>
     <span class='ocr_line' id='line_1_4' title="bbox 71 382 1244 428; baseline 0.001 -11"><span class='ocrx_word' id='word_1_22' title='bbox 71 383 333 428; x_wconf 78' lang='lat' dir='ltr'>quaestionem;</span> <span class='ocrx_word' id='word_1_23' title='bbox 361 386 396 418; x_wconf 88' lang='lat' dir='ltr'>et</span> <span class='ocrx_word' id='word_1_24' title='bbox 424 383 541 428; x_wconf 87' lang='lat' dir='ltr'>primo</span> <span class='ocrx_word' id='word_1_25' title='bbox 568 382 753 428; x_wconf 78' lang='lat' dir='ltr'>praemittit</span> <span class='ocrx_word' id='word_1_26' title='bbox 782 382 952 417; x_wconf 85' lang='lat' dir='ltr'>morbum</span> <span class='ocrx_word' id='word_1_27' title='bbox 982 386 1021 416; x_wconf 86' lang='lat' dir='ltr'>ut</span> <span class='ocrx_word' id='word_1_28' title='bbox 1048 382 1244 427; x_wconf 78' lang='lat' dir='ltr'>praeveniat</span> 
     </span>
     <span class='ocr_line' id='line_1_5' title="bbox 70 441 1248 488; baseline 0 -11"><span class='ocrx_word' id='word_1_29' title='bbox 70 442 192 478; x_wconf 91' lang='lat' dir='ltr'>debito</span> <span class='ocrx_word' id='word_1_30' title='bbox 218 443 345 478; x_wconf 83' lang='lat' dir='ltr'>ordine</span> <span class='ocrx_word' id='word_1_31' title='bbox 372 443 416 478; x_wconf 85' lang='lat' dir='ltr'>ad</span> <span class='ocrx_word' id='word_1_32' title='bbox 446 442 669 477; x_wconf 85' lang='lat' dir='ltr'>remedium:</span> <span class='ocrx_word' id='word_1_33' title='bbox 693 445 727 477; x_wconf 87' lang='lat' dir='ltr'>et</span> <span class='ocrx_word' id='word_1_34' title='bbox 755 441 839 476; x_wconf 90' lang='lat' dir='ltr'>dicit</span> <span class='ocrx_word' id='word_1_35' title='bbox 862 442 1033 486; x_wconf 79' lang='lat' dir='ltr'>breviter,</span> <span class='ocrx_word' id='word_1_36' title='bbox 1057 442 1154 487; x_wconf 88' lang='lat' dir='ltr'>quod</span> <span class='ocrx_word' id='word_1_37' title='bbox 1173 442 1248 488; x_wconf 88' lang='lat' dir='ltr'>pri-</span> 
     </span>
     <span class='ocr_line' id='line_1_6' title="bbox 70 500 1247 548; baseline 0 -11"><span class='ocrx_word' id='word_1_38' title='bbox 70 513 154 537; x_wconf 84' lang='lat' dir='ltr'>mus</span> <span class='ocrx_word' id='word_1_39' title='bbox 171 512 303 548; x_wconf 85' lang='lat' dir='ltr'>parens</span> <span class='ocrx_word' id='word_1_40' title='bbox 323 501 564 537; x_wconf 76' lang='lat' dir='ltr'>inobedientia</span> <span class='ocrx_word' id='word_1_41' title='bbox 583 512 649 536; x_wconf 88' lang='lat' dir='ltr'>sua</span> <span class='ocrx_word' id='word_1_42' title='bbox 669 500 855 535; x_wconf 80' lang='lat' dir='ltr'>damnavit</span> <span class='ocrx_word' id='word_1_43' title='bbox 874 511 913 536; x_wconf 86' lang='lat' dir='ltr'>se</span> <span class='ocrx_word' id='word_1_44' title='bbox 936 505 971 536; x_wconf 91' lang='lat' dir='ltr'>et</span> <span class='ocrx_word' id='word_1_45' title='bbox 996 505 1111 536; x_wconf 87' lang='lat' dir='ltr'>totum</span> <span class='ocrx_word' id='word_1_46' title='bbox 1131 512 1247 548; x_wconf 79' lang='lat' dir='ltr'>genus</span> 
     </span>
     <span class='ocr_line' id='line_1_7' title="bbox 72 561 1248 607; baseline 0 -11"><span class='ocrx_word' id='word_1_47' title='bbox 72 562 289 596; x_wconf 87' lang='lat' dir='ltr'>humanum.</span> <span class='ocrx_word' id='word_1_48' title='bbox 327 561 416 597; x_wconf 85' lang='lat' dir='ltr'>Dicit</span> <span class='ocrx_word' id='word_1_49' title='bbox 447 571 560 607; x_wconf 76' lang='lat' dir='ltr'>ergo:</span> <span class='ocrx_word' id='word_1_50' title='bbox 594 562 805 604; x_wconf 71' lang='lat' dir='ltr'>Quell’uom,</span> <span class='ocrx_word' id='word_1_51' title='bbox 839 561 988 606; x_wconf 83' lang='lat' dir='ltr'>scilicet,</span> <span class='ocrx_word' id='word_1_52' title='bbox 1025 561 1151 606; x_wconf 76' lang='lat' dir='ltr'>Adam,</span> <span class='ocrx_word' id='word_1_53' title='bbox 1190 563 1248 597; x_wconf 79' lang='lat' dir='ltr'>che</span> 
     </span>
     <span class='ocr_line' id='line_1_8' title="bbox 71 621 1246 667; baseline 0.001 -12"><span class='ocrx_word' id='word_1_54' title='bbox 71 631 142 655; x_wconf 80' lang='lat' dir='ltr'>non</span> <span class='ocrx_word' id='word_1_55' title='bbox 167 631 312 665; x_wconf 73' lang='lat' dir='ltr'>uaeque,</span> <span class='ocrx_word' id='word_1_56' title='bbox 340 632 424 657; x_wconf 83' lang='lat' dir='ltr'>narn</span> <span class='ocrx_word' id='word_1_57' title='bbox 453 622 593 667; x_wconf 81' lang='lat' dir='ltr'>primus</span> <span class='ocrx_word' id='word_1_58' title='bbox 620 622 731 656; x_wconf 81' lang='lat' dir='ltr'>homo</span> <span class='ocrx_word' id='word_1_59' title='bbox 767 624 873 656; x_wconf 87' lang='lat' dir='ltr'>natus</span> <span class='ocrx_word' id='word_1_60' title='bbox 904 624 958 656; x_wconf 84' lang='lat' dir='ltr'>est</span> <span class='ocrx_word' id='word_1_61' title='bbox 990 631 1057 657; x_wconf 90' lang='lat' dir='ltr'>nec</span> <span class='ocrx_word' id='word_1_62' title='bbox 1089 621 1134 657; x_wconf 86' lang='lat' dir='ltr'>de</span> <span class='ocrx_word' id='word_1_63' title='bbox 1167 622 1246 657; x_wconf 74' lang='lat' dir='ltr'>viro</span> 
     </span>
     <span class='ocr_line' id='line_1_9' title="bbox 69 681 1246 727; baseline 0 -11"><span class='ocrx_word' id='word_1_64' title='bbox 69 691 137 717; x_wconf 87' lang='lat' dir='ltr'>nec</span> <span class='ocrx_word' id='word_1_65' title='bbox 163 681 208 717; x_wconf 92' lang='lat' dir='ltr'>de</span> <span class='ocrx_word' id='word_1_66' title='bbox 236 682 403 727; x_wconf 73' lang='lat' dir='ltr'>muliere,</span> <span class='ocrx_word' id='word_1_67' title='bbox 431 682 565 717; x_wconf 80' lang='lat' dir='ltr'>scilicet</span> <span class='ocrx_word' id='word_1_68' title='bbox 590 681 725 726; x_wconf 55' lang='lat' dir='ltr'>Adanu</span> <span class='ocrx_word' id='word_1_69' title='bbox 753 681 827 716; x_wconf 91' lang='lat' dir='ltr'>imo</span> <span class='ocrx_word' id='word_1_70' title='bbox 855 681 1034 716; x_wconf 83' lang='lat' dir='ltr'>formatus</span> <span class='ocrx_word' id='word_1_71' title='bbox 1061 692 1174 716; x_wconf 83' lang='lat' dir='ltr'>manu</span> <span class='ocrx_word' id='word_1_72' title='bbox 1193 682 1246 716; x_wconf 91' lang='lat' dir='ltr'>di-</span> 
     </span>
     <span class='ocr_line' id='line_1_10' title="bbox 69 742 1245 788; baseline -0.001 -11"><span class='ocrx_word' id='word_1_73' title='bbox 69 742 165 787; x_wconf 84' lang='lat' dir='ltr'>vina,</span> <span class='ocrx_word' id='word_1_74' title='bbox 193 742 274 778; x_wconf 88' lang='lat' dir='ltr'>ideo</span> <span class='ocrx_word' id='word_1_75' title='bbox 302 743 495 788; x_wconf 80' lang='lat' dir='ltr'>perfectior</span> <span class='ocrx_word' id='word_1_76' title='bbox 524 742 639 788; x_wconf 81' lang='lat' dir='ltr'>magis</span> <span class='ocrx_word' id='word_1_77' title='bbox 662 742 845 788; x_wconf 88' lang='lat' dir='ltr'>peccavit:</span> <span class='ocrx_word' id='word_1_78' title='bbox 866 742 1049 778; x_wconf 85' lang='lat' dir='ltr'>secundus</span> <span class='ocrx_word' id='word_1_79' title='bbox 1068 745 1174 777; x_wconf 88' lang='lat' dir='ltr'>natus</span> <span class='ocrx_word' id='word_1_80' title='bbox 1192 745 1245 778; x_wconf 85' lang='lat' dir='ltr'>est</span> 
     </span>
     <span class='ocr_line' id='line_1_11' title="bbox 69 801 1247 847; baseline -0.001 -10"><span class='ocrx_word' id='word_1_81' title='bbox 69 801 115 837; x_wconf 90' lang='lat' dir='ltr'>de</span> <span class='ocrx_word' id='word_1_82' title='bbox 130 802 209 837; x_wconf 87' lang='lat' dir='ltr'>viro</span> <span class='ocrx_word' id='word_1_83' title='bbox 224 802 302 837; x_wconf 87' lang='lat' dir='ltr'>sine</span> <span class='ocrx_word' id='word_1_84' title='bbox 322 803 490 847; x_wconf 78' lang='lat' dir='ltr'>muliere,</span> <span class='ocrx_word' id='word_1_85' title='bbox 506 802 639 838; x_wconf 90' lang='lat' dir='ltr'>scilicet</span> <span class='ocrx_word' id='word_1_86' title='bbox 659 803 777 837; x_wconf 73' lang='lat' dir='ltr'>Hera:</span> <span class='ocrx_word' id='word_1_87' title='bbox 798 802 926 838; x_wconf 80' lang='lat' dir='ltr'>tertius</span> <span class='ocrx_word' id='word_1_88' title='bbox 947 802 992 837; x_wconf 91' lang='lat' dir='ltr'>de</span> <span class='ocrx_word' id='word_1_89' title='bbox 1011 802 1090 837; x_wconf 83' lang='lat' dir='ltr'>viro</span> <span class='ocrx_word' id='word_1_90' title='bbox 1109 805 1145 837; x_wconf 86' lang='lat' dir='ltr'>et</span> <span class='ocrx_word' id='word_1_91' title='bbox 1163 812 1247 836; x_wconf 89' lang='lat' dir='ltr'>mu—</span> 
     </span>
     <span class='ocr_line' id='line_1_12' title="bbox 70 861 1248 908; baseline 0 -12"><span class='ocrx_word' id='word_1_92' title='bbox 70 861 170 907; x_wconf 81' lang='lat' dir='ltr'>liere,</span> <span class='ocrx_word' id='word_1_93' title='bbox 186 862 279 897; x_wconf 89' lang='lat' dir='ltr'>sicut</span> <span class='ocrx_word' id='word_1_94' title='bbox 293 863 414 898; x_wconf 85' lang='lat' dir='ltr'>caeteri</span> <span class='ocrx_word' id='word_1_95' title='bbox 431 862 806 908; x_wconf 86' lang='lat' dir='ltr'>concupiscentialiter</span> <span class='ocrx_word' id='word_1_96' title='bbox 822 862 913 897; x_wconf 84' lang='lat' dir='ltr'>nati:</span> <span class='ocrx_word' id='word_1_97' title='bbox 930 865 1084 907; x_wconf 87' lang='lat' dir='ltr'>quartus</span> <span class='ocrx_word' id='word_1_98' title='bbox 1105 861 1150 897; x_wconf 90' lang='lat' dir='ltr'>de</span> <span class='ocrx_word' id='word_1_99' title='bbox 1165 872 1248 896; x_wconf 91' lang='lat' dir='ltr'>mu-</span> 
     </span>
     <span class='ocr_line' id='line_1_13' title="bbox 71 921 1247 968; baseline 0 -12"><span class='ocrx_word' id='word_1_100' title='bbox 71 921 159 957; x_wconf 89' lang='lat' dir='ltr'>liere</span> <span class='ocrx_word' id='word_1_101' title='bbox 180 922 257 957; x_wconf 88' lang='lat' dir='ltr'>sine</span> <span class='ocrx_word' id='word_1_102' title='bbox 280 922 419 958; x_wconf 90' lang='lat' dir='ltr'>semine</span> <span class='ocrx_word' id='word_1_103' title='bbox 441 922 533 956; x_wconf 88' lang='lat' dir='ltr'>virili</span> <span class='ocrx_word' id='word_1_104' title='bbox 557 932 622 968; x_wconf 88' lang='lat' dir='ltr'>per</span> <span class='ocrx_word' id='word_1_105' title='bbox 650 922 825 957; x_wconf 72' lang='lat' dir='ltr'>virtutem</span> <span class='ocrx_word' id='word_1_106' title='bbox 849 922 1069 967; x_wconf 77' lang='lat' dir='ltr'>operationis</span> <span class='ocrx_word' id='word_1_107' title='bbox 1093 922 1247 966; x_wconf 78' lang='lat' dir='ltr'>Summi,</span> 
     </span>
     <span class='ocr_line' id='line_1_14' title="bbox 71 978 1247 1028; baseline 0 -11"><span class='ocrx_word' id='word_1_108' title='bbox 71 982 205 1018; x_wconf 85' lang='lat' dir='ltr'>scilicet</span> <span class='ocrx_word' id='word_1_109' title='bbox 221 983 397 1027; x_wconf 79' lang='lat' dir='ltr'>Christus,</span> <span class='ocrx_word' id='word_1_110' title='bbox 412 982 474 1028; x_wconf 85' lang='lat' dir='ltr'>qni</span> <span class='ocrx_word' id='word_1_111' title='bbox 490 982 645 1017; x_wconf 84' lang='lat' dir='ltr'>redemit</span> <span class='ocrx_word' id='word_1_112' title='bbox 663 992 811 1026; x_wconf 81' lang='lat' dir='ltr'>omnes;</span> <span class='ocrx_word' id='word_1_113' title='bbox 827 978 945 1017; x_wconf 71' lang='lat' dir='ltr'>danao</span> <span class='ocrx_word' id='word_1_114' title='bbox 961 986 1044 1017; x_wconf 73' lang='lat' dir='ltr'>tucca</span> <span class='ocrx_word' id='word_1_115' title='bbox 1058 993 1123 1017; x_wconf 77' lang='lat' dir='ltr'>sua</span> <span class='ocrx_word' id='word_1_116' title='bbox 1132 983 1247 1027; x_wconf 81' lang='lat' dir='ltr'>prole,</span> 
     </span>
     <span class='ocr_line' id='line_1_15' title="bbox 72 1040 1248 1087; baseline 0 -11"><span class='ocrx_word' id='word_1_117' title='bbox 72 1041 161 1077; x_wconf 83' lang='lat' dir='ltr'>idest</span> <span class='ocrx_word' id='word_1_118' title='bbox 189 1042 434 1077; x_wconf 76' lang='lat' dir='ltr'>successivam</span> <span class='ocrx_word' id='word_1_119' title='bbox 463 1041 725 1087; x_wconf 80' lang='lat' dir='ltr'>posteritatem,</span> <span class='ocrx_word' id='word_1_120' title='bbox 752 1042 949 1076; x_wconf 70' lang='lat' dir='ltr'>dmmzmvdo</span> <span class='ocrx_word' id='word_1_121' title='bbox 970 1040 1019 1085; x_wconf 66' lang='lat' dir='ltr'>sc),</span> <span class='ocrx_word' id='word_1_122' title='bbox 1038 1042 1123 1087; x_wconf 89' lang='lat' dir='ltr'>quia</span> <span class='ocrx_word' id='word_1_123' title='bbox 1151 1041 1248 1077; x_wconf 81' lang='lat' dir='ltr'>enini</span> 
     </span>
     <span class='ocr_line' id='line_1_16' title="bbox 71 1101 1248 1147; baseline 0 -11"><span class='ocrx_word' id='word_1_124' title='bbox 71 1101 217 1146; x_wconf 88' lang='lat' dir='ltr'>spiritus</span> <span class='ocrx_word' id='word_1_125' title='bbox 247 1112 318 1137; x_wconf 88' lang='lat' dir='ltr'>non</span> <span class='ocrx_word' id='word_1_126' title='bbox 346 1101 504 1136; x_wconf 75' lang='lat' dir='ltr'>obedivit</span> <span class='ocrx_word' id='word_1_127' title='bbox 532 1102 606 1137; x_wconf 92' lang='lat' dir='ltr'>Deo</span> <span class='ocrx_word' id='word_1_128' title='bbox 629 1102 895 1147; x_wconf 20' lang='lat' dir='ltr'>just¹07judicio</span> <span class='ocrx_word' id='word_1_129' title='bbox 923 1102 986 1137; x_wconf 85' lang='lat' dir='ltr'>Dei</span> <span class='ocrx_word' id='word_1_130' title='bbox 1014 1102 1139 1137; x_wconf 85' lang='lat' dir='ltr'>habuit</span> <span class='ocrx_word' id='word_1_131' title='bbox 1166 1112 1248 1137; x_wconf 93' lang='lat' dir='ltr'>cor-</span> 
     </span>
     <span class='ocr_line' id='line_1_17' title="bbox 72 1161 1246 1208; baseline 0 -12"><span class='ocrx_word' id='word_1_132' title='bbox 72 1172 140 1208; x_wconf 87' lang='lat' dir='ltr'>pus</span> <span class='ocrx_word' id='word_1_133' title='bbox 167 1162 232 1196; x_wconf 89' lang='lat' dir='ltr'>sibi</span> <span class='ocrx_word' id='word_1_134' title='bbox 261 1162 407 1197; x_wconf 86' lang='lat' dir='ltr'>rebelle.</span> <span class='ocrx_word' id='word_1_135' title='bbox 436 1161 593 1197; x_wconf 82' lang='lat' dir='ltr'>Dederat</span> <span class='ocrx_word' id='word_1_136' title='bbox 621 1162 717 1197; x_wconf 90' lang='lat' dir='ltr'>enim</span> <span class='ocrx_word' id='word_1_137' title='bbox 747 1162 843 1197; x_wconf 83' lang='lat' dir='ltr'>Deus</span> <span class='ocrx_word' id='word_1_138' title='bbox 877 1162 1012 1198; x_wconf 86' lang='lat' dir='ltr'>homini</span> <span class='ocrx_word' id='word_1_139' title='bbox 1040 1162 1246 1198; x_wconf 87' lang='lat' dir='ltr'>libertatem</span> 
     </span>
     <span class='ocr_line' id='line_1_18' title="bbox 69 1222 1247 1268; baseline 0.002 -12"><span class='ocrx_word' id='word_1_140' title='bbox 69 1222 208 1257; x_wconf 85' lang='lat' dir='ltr'>arbitrii</span> <span class='ocrx_word' id='word_1_141' title='bbox 238 1225 275 1256; x_wconf 89' lang='lat' dir='ltr'>ut</span> <span class='ocrx_word' id='word_1_142' title='bbox 304 1222 407 1257; x_wconf 83' lang='lat' dir='ltr'>fieret</span> <span class='ocrx_word' id='word_1_143' title='bbox 433 1222 635 1268; x_wconf 73' lang='lat' dir='ltr'>gloriosior,</span> <span class='ocrx_word' id='word_1_144' title='bbox 657 1232 728 1257; x_wconf 87' lang='lat' dir='ltr'>non</span> <span class='ocrx_word' id='word_1_145' title='bbox 754 1223 950 1268; x_wconf 83' lang='lat' dir='ltr'>peccando,</span> <span class='ocrx_word' id='word_1_146' title='bbox 971 1223 1137 1258; x_wconf 81' lang='lat' dir='ltr'>babendo</span> <span class='ocrx_word' id='word_1_147' title='bbox 1163 1232 1247 1268; x_wconf 86' lang='lat' dir='ltr'>pec—</span> 
     </span>
     <span class='ocr_line' id='line_1_19' title="bbox 70 1281 1247 1329; baseline 0 -12"><span class='ocrx_word' id='word_1_148' title='bbox 70 1281 173 1317; x_wconf 89' lang='lat' dir='ltr'>candi</span> <span class='ocrx_word' id='word_1_149' title='bbox 201 1285 437 1327; x_wconf 75' lang='lat' dir='ltr'>potestatem3</span> <span class='ocrx_word' id='word_1_150' title='bbox 466 1281 527 1317; x_wconf 83' lang='lat' dir='ltr'>scd</span> <span class='ocrx_word' id='word_1_151' title='bbox 555 1281 629 1327; x_wconf 91' lang='lat' dir='ltr'>ipse</span> <span class='ocrx_word' id='word_1_152' title='bbox 657 1282 829 1317; x_wconf 89' lang='lat' dir='ltr'>continuo</span> <span class='ocrx_word' id='word_1_153' title='bbox 849 1285 1097 1329; x_wconf 82' lang='lat' dir='ltr'>transgressus</span> <span class='ocrx_word' id='word_1_154' title='bbox 1121 1286 1175 1318; x_wconf 91' lang='lat' dir='ltr'>est</span> <span class='ocrx_word' id='word_1_155' title='bbox 1196 1283 1247 1318; x_wconf 90' lang='lat' dir='ltr'>le-</span> 
     </span>
     <span class='ocr_line' id='line_1_20' title="bbox 69 1342 1246 1388; baseline 0 -11"><span class='ocrx_word' id='word_1_156' title='bbox 69 1352 153 1388; x_wconf 83' lang='lat' dir='ltr'>gem</span> <span class='ocrx_word' id='word_1_157' title='bbox 183 1342 248 1377; x_wconf 87' lang='lat' dir='ltr'>sibi</span> <span class='ocrx_word' id='word_1_158' title='bbox 276 1342 416 1387; x_wconf 64' lang='lat' dir='ltr'>datamg</span> <span class='ocrx_word' id='word_1_159' title='bbox 443 1342 538 1377; x_wconf 85' lang='lat' dir='ltr'>unde</span> <span class='ocrx_word' id='word_1_160' title='bbox 563 1342 665 1377; x_wconf 89' lang='lat' dir='ltr'>dicit:</span> <span class='ocrx_word' id='word_1_161' title='bbox 685 1353 751 1386; x_wconf 78' lang='lat' dir='ltr'>per</span> <span class='ocrx_word' id='word_1_162' title='bbox 773 1353 841 1377; x_wconf 75' lang='lat' dir='ltr'>non</span> <span class='ocrx_word' id='word_1_163' title='bbox 861 1344 1015 1387; x_wconf 72' lang='lat' dir='ltr'>soffrire‚</span> <span class='ocrx_word' id='word_1_164' title='bbox 1040 1342 1140 1386; x_wconf 77' lang='lat' dir='ltr'>idest,</span> <span class='ocrx_word' id='word_1_165' title='bbox 1161 1342 1246 1387; x_wconf 85' lang='lat' dir='ltr'>quia</span> 
     </span>
     <span class='ocr_line' id='line_1_21' title="bbox 71 1398 1246 1449; baseline 0.001 -13"><span class='ocrx_word' id='word_1_166' title='bbox 71 1402 187 1437; x_wconf 90' lang='lat' dir='ltr'>noluit</span> <span class='ocrx_word' id='word_1_167' title='bbox 220 1403 290 1448; x_wconf 77' lang='lat' dir='ltr'>pati</span> <span class='ocrx_word' id='word_1_168' title='bbox 323 1403 443 1449; x_wconf 76' lang='lat' dir='ltr'>legem</span> <span class='ocrx_word' id='word_1_169' title='bbox 462 1398 509 1446; x_wconf 45' lang='grc' dir='ltr'>ΡΧ,</span> <span class='ocrx_word' id='word_1_170' title='bbox 542 1404 614 1437; x_wconf 79' lang='lat' dir='ltr'>alla</span> <span class='ocrx_word' id='word_1_171' title='bbox 647 1400 756 1445; x_wconf 71' lang='lat' dir='ltr'>verlz‘c,</span> <span class='ocrx_word' id='word_1_172' title='bbox 790 1403 935 1447; x_wconf 80' lang='lat' dir='ltr'>scilicet,</span> <span class='ocrx_word' id='word_1_173' title='bbox 968 1403 1246 1449; x_wconf 77' lang='lat' dir='ltr'>concupiscibili,</span> 
     </span>
     <span class='ocr_line' id='line_1_22' title="bbox 70 1462 1247 1508; baseline 0.001 -12"><span class='ocrx_word' id='word_1_174' title='bbox 70 1463 128 1496; x_wconf 71' lang='lat' dir='ltr'>elce</span> <span class='ocrx_word' id='word_1_175' title='bbox 150 1464 247 1497; x_wconf 75' lang='lat' dir='ltr'>vuole</span> <span class='ocrx_word' id='word_1_176' title='bbox 262 1465 378 1507; x_wconf 74' lang='lat' dir='ltr'>freno,</span> <span class='ocrx_word' id='word_1_177' title='bbox 399 1463 534 1497; x_wconf 84' lang='lat' dir='ltr'>scilicet</span> <span class='ocrx_word' id='word_1_178' title='bbox 561 1462 660 1508; x_wconf 79' lang='lat' dir='ltr'>legis,</span> <span class='ocrx_word' id='word_1_179' title='bbox 680 1473 703 1496; x_wconf 84' lang='grc' dir='ltr'><em>α</em></span> <span class='ocrx_word' id='word_1_180' title='bbox 727 1474 789 1497; x_wconf 76' lang='lat' dir='ltr'>suo</span> <span class='ocrx_word' id='word_1_181' title='bbox 806 1465 931 1507; x_wconf 75' lang='lat' dir='ltr'>prode,</span> <span class='ocrx_word' id='word_1_182' title='bbox 952 1463 1053 1508; x_wconf 80' lang='lat' dir='ltr'>idest,</span> <span class='ocrx_word' id='word_1_183' title='bbox 1071 1463 1116 1499; x_wconf 89' lang='lat' dir='ltr'>ad</span> <span class='ocrx_word' id='word_1_184' title='bbox 1137 1474 1247 1498; x_wconf 88' lang='lat' dir='ltr'>suum</span> 
     </span>
     <span class='ocr_line' id='line_1_23' title="bbox 71 1522 1247 1569; baseline 0.001 -12"><span class='ocrx_word' id='word_1_185' title='bbox 71 1522 277 1567; x_wconf 86' lang='lat' dir='ltr'>profectum</span> <span class='ocrx_word' id='word_1_186' title='bbox 315 1526 350 1558; x_wconf 92' lang='lat' dir='ltr'>et</span> <span class='ocrx_word' id='word_1_187' title='bbox 386 1523 575 1567; x_wconf 80' lang='lat' dir='ltr'>meritum,</span> <span class='ocrx_word' id='word_1_188' title='bbox 612 1523 720 1568; x_wconf 86' lang='lat' dir='ltr'>quale</span> <span class='ocrx_word' id='word_1_189' title='bbox 757 1523 823 1558; x_wconf 84' lang='lat' dir='ltr'>fuit</span> <span class='ocrx_word' id='word_1_190' title='bbox 862 1527 1085 1569; x_wconf 77' lang='lat' dir='ltr'>praeceptum</span> <span class='ocrx_word' id='word_1_191' title='bbox 1121 1524 1247 1559; x_wconf 88' lang='lat' dir='ltr'>datum</span> 
     </span>
     <span class='ocr_line' id='line_1_24' title="bbox 70 1581 1246 1628; baseline 0.002 -12"><span class='ocrx_word' id='word_1_192' title='bbox 70 1581 155 1617; x_wconf 83' lang='lat' dir='ltr'>Adae</span> <span class='ocrx_word' id='word_1_193' title='bbox 190 1593 210 1617; x_wconf 88' lang='lat' dir='ltr'>a</span> <span class='ocrx_word' id='word_1_194' title='bbox 239 1583 401 1617; x_wconf 87' lang='lat' dir='ltr'>Domino.</span> <span class='ocrx_word' id='word_1_195' title='bbox 431 1583 474 1617; x_wconf 91' lang='lat' dir='ltr'>Et</span> <span class='ocrx_word' id='word_1_196' title='bbox 509 1582 629 1617; x_wconf 86' lang='lat' dir='ltr'>subdit</span> <span class='ocrx_word' id='word_1_197' title='bbox 660 1583 880 1628; x_wconf 82' lang='lat' dir='ltr'>gravitatem</span> <span class='ocrx_word' id='word_1_198' title='bbox 908 1587 943 1618; x_wconf 88' lang='lat' dir='ltr'>et</span> <span class='ocrx_word' id='word_1_199' title='bbox 969 1583 1246 1619; x_wconf 88' lang='lat' dir='ltr'>diuturnitatem</span> 
     </span>
     <span class='ocr_line' id='line_1_25' title="bbox 72 1641 1247 1688; baseline 0.002 -12"><span class='ocrx_word' id='word_1_200' title='bbox 72 1641 173 1677; x_wconf 91' lang='lat' dir='ltr'>istius</span> <span class='ocrx_word' id='word_1_201' title='bbox 200 1643 322 1688; x_wconf 82' lang='lat' dir='ltr'>magni</span> <span class='ocrx_word' id='word_1_202' title='bbox 352 1643 481 1686; x_wconf 73' lang='lat' dir='ltr'>morbi,</span> <span class='ocrx_word' id='word_1_203' title='bbox 511 1643 556 1678; x_wconf 91' lang='lat' dir='ltr'>ad</span> <span class='ocrx_word' id='word_1_204' title='bbox 583 1652 693 1687; x_wconf 90' lang='lat' dir='ltr'>quem</span> <span class='ocrx_word' id='word_1_205' title='bbox 723 1653 795 1678; x_wconf 92' lang='lat' dir='ltr'>non</span> <span class='ocrx_word' id='word_1_206' title='bbox 823 1643 921 1678; x_wconf 91' lang='lat' dir='ltr'>venit</span> <span class='ocrx_word' id='word_1_207' title='bbox 948 1643 1153 1679; x_wconf 89' lang='lat' dir='ltr'>remedium</span> <span class='ocrx_word' id='word_1_208' title='bbox 1182 1643 1247 1678; x_wconf 86' lang='lat' dir='ltr'>nisi</span> 
     </span>
     <span class='ocr_line' id='line_1_26' title="bbox 71 1702 1247 1749; baseline 0.002 -13"><span class='ocrx_word' id='word_1_209' title='bbox 71 1705 150 1746; x_wconf 86' lang='lat' dir='ltr'>post</span> <span class='ocrx_word' id='word_1_210' title='bbox 169 1703 284 1737; x_wconf 85' lang='lat' dir='ltr'>multa</span> <span class='ocrx_word' id='word_1_211' title='bbox 306 1702 416 1737; x_wconf 83' lang='lat' dir='ltr'>millia</span> <span class='ocrx_word' id='word_1_212' title='bbox 439 1713 633 1737; x_wconf 86' lang='lat' dir='ltr'>annorum.</span> <span class='ocrx_word' id='word_1_213' title='bbox 650 1702 701 1737; x_wconf 85' lang='lat' dir='ltr'>Ad</span> <span class='ocrx_word' id='word_1_214' title='bbox 724 1703 821 1747; x_wconf 87' lang='lat' dir='ltr'>quod</span> <span class='ocrx_word' id='word_1_215' title='bbox 845 1707 899 1738; x_wconf 88' lang='lat' dir='ltr'>est</span> <span class='ocrx_word' id='word_1_216' title='bbox 922 1703 1121 1738; x_wconf 89' lang='lat' dir='ltr'>notandum</span> <span class='ocrx_word' id='word_1_217' title='bbox 1150 1704 1247 1749; x_wconf 89' lang='lat' dir='ltr'>quod</span> 
     </span>
     <span class='ocr_line' id='line_1_27' title="bbox 72 1762 1247 1808; baseline 0.001 -11"><span class='ocrx_word' id='word_1_218' title='bbox 72 1762 152 1797; x_wconf 86' lang='lat' dir='ltr'>licet</span> <span class='ocrx_word' id='word_1_219' title='bbox 171 1762 269 1797; x_wconf 88' lang='lat' dir='ltr'>Deus</span> <span class='ocrx_word' id='word_1_220' title='bbox 287 1773 307 1797; x_wconf 87' lang='lat' dir='ltr'>a</span> <span class='ocrx_word' id='word_1_221' title='bbox 323 1762 497 1808; x_wconf 88' lang='lat' dir='ltr'>principio</span> <span class='ocrx_word' id='word_1_222' title='bbox 512 1762 671 1808; x_wconf 89' lang='lat' dir='ltr'>potuerit</span> <span class='ocrx_word' id='word_1_223' title='bbox 691 1763 885 1807; x_wconf 83' lang='lat' dir='ltr'>incarnari,</span> <span class='ocrx_word' id='word_1_224' title='bbox 906 1764 1019 1798; x_wconf 86' lang='lat' dir='ltr'>noluit</span> <span class='ocrx_word' id='word_1_225' title='bbox 1039 1768 1163 1799; x_wconf 87' lang='lat' dir='ltr'>tamen</span> <span class='ocrx_word' id='word_1_226' title='bbox 1183 1764 1247 1798; x_wconf 89' lang='lat' dir='ltr'>nisi</span> 
     </span>
     <span class='ocr_line' id='line_1_28' title="bbox 73 1821 1249 1869; baseline 0 -13"><span class='ocrx_word' id='word_1_227' title='bbox 73 1821 108 1856; x_wconf 85' lang='lat' dir='ltr'>in</span> <span class='ocrx_word' id='word_1_228' title='bbox 128 1821 200 1857; x_wconf 87' lang='lat' dir='ltr'>fine</span> <span class='ocrx_word' id='word_1_229' title='bbox 219 1822 439 1857; x_wconf 83' lang='lat' dir='ltr'>saeculorum</span> <span class='ocrx_word' id='word_1_230' title='bbox 460 1822 688 1867; x_wconf 78' lang='lat' dir='ltr'>praecedente</span> <span class='ocrx_word' id='word_1_231' title='bbox 707 1823 788 1868; x_wconf 78' lang='lat' dir='ltr'>lege</span> <span class='ocrx_word' id='word_1_232' title='bbox 807 1826 949 1857; x_wconf 82' lang='lat' dir='ltr'>naturae</span> <span class='ocrx_word' id='word_1_233' title='bbox 969 1827 1004 1858; x_wconf 89' lang='lat' dir='ltr'>et</span> <span class='ocrx_word' id='word_1_234' title='bbox 1024 1823 1151 1869; x_wconf 69' lang='lat' dir='ltr'>figurae</span> <span class='ocrx_word' id='word_1_235' title='bbox 1170 1827 1249 1868; x_wconf 83' lang='lat' dir='ltr'>post</span> 
     </span>
     <span class='ocr_line' id='line_1_29' title="bbox 73 1882 1249 1928; baseline 0 -11"><span class='ocrx_word' id='word_1_236' title='bbox 73 1882 298 1928; x_wconf 85' lang='lat' dir='ltr'>patriarchas</span> <span class='ocrx_word' id='word_1_237' title='bbox 325 1885 360 1917; x_wconf 87' lang='lat' dir='ltr'>et</span> <span class='ocrx_word' id='word_1_238' title='bbox 389 1883 594 1927; x_wconf 80' lang='lat' dir='ltr'>prophetas,</span> <span class='ocrx_word' id='word_1_239' title='bbox 623 1882 755 1927; x_wconf 86' lang='lat' dir='ltr'>quibus</span> <span class='ocrx_word' id='word_1_240' title='bbox 777 1886 812 1917; x_wconf 87' lang='lat' dir='ltr'>et</span> <span class='ocrx_word' id='word_1_241' title='bbox 831 1893 895 1927; x_wconf 89' lang='lat' dir='ltr'>per</span> <span class='ocrx_word' id='word_1_242' title='bbox 918 1893 1009 1928; x_wconf 88' lang='lat' dir='ltr'>quos</span> <span class='ocrx_word' id='word_1_243' title='bbox 1037 1883 1102 1917; x_wconf 86' lang='lat' dir='ltr'>fuit</span> <span class='ocrx_word' id='word_1_244' title='bbox 1129 1883 1249 1918; x_wconf 88' lang='lat' dir='ltr'>incar-</span> 
     </span>
     <span class='ocr_line' id='line_1_30' title="bbox 73 1937 1249 1988; baseline 0 -11"><span class='ocrx_word' id='word_1_245' title='bbox 73 1941 170 1977; x_wconf 84' lang='lat' dir='ltr'>natio</span> <span class='ocrx_word' id='word_1_246' title='bbox 187 1942 409 1987; x_wconf 86' lang='lat' dir='ltr'>repromissa</span> <span class='ocrx_word' id='word_1_247' title='bbox 427 1937 478 1986; x_wconf 50' lang='lat'>(3&#39;13</span> <span class='ocrx_word' id='word_1_248' title='bbox 499 1945 578 1986; x_wconf 76' lang='lat' dir='ltr'>post</span> <span class='ocrx_word' id='word_1_249' title='bbox 597 1952 689 1986; x_wconf 84' lang='lat' dir='ltr'>quos</span> <span class='ocrx_word' id='word_1_250' title='bbox 709 1942 890 1977; x_wconf 84' lang='lat' dir='ltr'>incarnari</span> <span class='ocrx_word' id='word_1_251' title='bbox 909 1942 1077 1988; x_wconf 80' lang='lat' dir='ltr'>dignatus</span> <span class='ocrx_word' id='word_1_252' title='bbox 1096 1946 1150 1977; x_wconf 85' lang='lat' dir='ltr'>est</span> <span class='ocrx_word' id='word_1_253' title='bbox 1170 1946 1249 1977; x_wconf 89' lang='lat' dir='ltr'>tan-</span> 
     </span>
     <span class='ocr_line' id='line_1_31' title="bbox 73 2001 1247 2047; baseline -0.001 -10"><span class='ocrx_word' id='word_1_254' title='bbox 73 2012 186 2046; x_wconf 88' lang='lat' dir='ltr'>quam</span> <span class='ocrx_word' id='word_1_255' title='bbox 221 2002 256 2036; x_wconf 91' lang='lat' dir='ltr'>in</span> <span class='ocrx_word' id='word_1_256' title='bbox 289 2002 399 2037; x_wconf 89' lang='lat' dir='ltr'>finem</span> <span class='ocrx_word' id='word_1_257' title='bbox 435 2001 553 2046; x_wconf 88' lang='lat' dir='ltr'>ipsum</span> <span class='ocrx_word' id='word_1_258' title='bbox 581 2004 616 2036; x_wconf 90' lang='lat' dir='ltr'>et</span> <span class='ocrx_word' id='word_1_259' title='bbox 644 2001 919 2046; x_wconf 72' lang='lat' dir='ltr'>plenitudinem,</span> <span class='ocrx_word' id='word_1_260' title='bbox 951 2002 1057 2047; x_wconf 81' lang='lat' dir='ltr'>juxta</span> <span class='ocrx_word' id='word_1_261' title='bbox 1092 2002 1247 2037; x_wconf 72' lang='lat' dir='ltr'>verbum</span> 
     </span>
     <span class='ocr_line' id='line_1_32' title="bbox 73 2062 1249 2108; baseline -0.001 -12"><span class='ocrx_word' id='word_1_262' title='bbox 73 2062 242 2106; x_wconf 82' lang='lat' dir='ltr'>apostoli:</span> <span class='ocrx_word' id='word_1_263' title='bbox 274 2064 361 2096; x_wconf 71' lang='lat' dir='ltr'>venit</span> <span class='ocrx_word' id='word_1_264' title='bbox 395 2063 572 2106; x_wconf 74' lang='lat' dir='ltr'>plenitudo</span> <span class='ocrx_word' id='word_1_265' title='bbox 612 2063 785 2106; x_wconf 74' lang='lat' dir='ltr'>temporis.</span> <span class='ocrx_word' id='word_1_266' title='bbox 820 2062 948 2096; x_wconf 91' lang='lat' dir='ltr'>Nullus</span> <span class='ocrx_word' id='word_1_267' title='bbox 981 2062 1077 2097; x_wconf 88' lang='lat' dir='ltr'>enim</span> <span class='ocrx_word' id='word_1_268' title='bbox 1119 2063 1249 2108; x_wconf 79' lang='lat' dir='ltr'>quaerit</span> 
     </span>
     <span class='ocr_line' id='line_1_33' title="bbox 74 2121 1250 2168; baseline 0.002 -12"><span class='ocrx_word' id='word_1_269' title='bbox 74 2121 259 2157; x_wconf 86' lang='lat' dir='ltr'>medicum</span> <span class='ocrx_word' id='word_1_270' title='bbox 288 2122 353 2157; x_wconf 80' lang='lat' dir='ltr'>nisi</span> <span class='ocrx_word' id='word_1_271' title='bbox 382 2126 577 2168; x_wconf 82' lang='lat' dir='ltr'>cognoscat</span> <span class='ocrx_word' id='word_1_272' title='bbox 605 2122 795 2166; x_wconf 76' lang='lat' dir='ltr'>morbum3</span> <span class='ocrx_word' id='word_1_273' title='bbox 821 2121 941 2157; x_wconf 87' lang='lat' dir='ltr'>nullus</span> <span class='ocrx_word' id='word_1_274' title='bbox 968 2122 1099 2167; x_wconf 80' lang='lat' dir='ltr'>quaerit</span> <span class='ocrx_word' id='word_1_275' title='bbox 1125 2123 1250 2158; x_wconf 88' lang='lat' dir='ltr'>docto-</span> 
     </span>
    </p>
   </div>
   <div class='ocr_carea' id='block_1_3' title="bbox 78 2189 1231 2194">
    <p class='ocr_par' dir='ltr' id='par_1_3' title="bbox 78 2189 1231 2194">
     <span class='ocr_line' id='line_1_34' title="bbox 78 2189 1231 2194; baseline 0 0"><span class='ocrx_word' id='word_1_276' title='bbox 78 2189 1231 2194; x_wconf 95' lang='lat' dir='ltr'> </span> 
     </span>
    </p>
   </div>
   <div class='ocr_carea' id='block_1_4' title="bbox 155 2216 1224 2247">
    <p class='ocr_par' dir='ltr' id='par_1_4' title="bbox 155 2216 1224 2247">
     <span class='ocr_line' id='line_1_35' title="bbox 155 2216 1224 2247; baseline 0.001 -8"><span class='ocrx_word' id='word_1_277' title='bbox 155 2219 161 2245; x_wconf 90' lang='lat'><em>)</em></span> <span class='ocrx_word' id='word_1_278' title='bbox 179 2217 208 2240; x_wconf 89' lang='lat' dir='ltr'>E.</span> <span class='ocrx_word' id='word_1_279' title='bbox 226 2219 252 2239; x_wconf 79' lang='lat' dir='ltr'>et</span> <span class='ocrx_word' id='word_1_280' title='bbox 270 2219 354 2240; x_wconf 81' lang='lat' dir='ltr'>tamen</span> <span class='ocrx_word' id='word_1_281' title='bbox 373 2216 457 2240; x_wconf 82' lang='lat' dir='ltr'>multi.</span> <span class='ocrx_word' id='word_1_282' title='bbox 636 2216 662 2244; x_wconf 80' lang='lat'>(²)</span> <span class='ocrx_word' id='word_1_283' title='bbox 680 2216 705 2240; x_wconf 84' lang='lat' dir='ltr'>S.</span> <span class='ocrx_word' id='word_1_284' title='bbox 722 2223 736 2240; x_wconf 86' lang='lat' dir='ltr'>e</span> <span class='ocrx_word' id='word_1_285' title='bbox 755 2219 776 2244; x_wconf 54' lang='lat' dir='ltr'>t,</span> <span class='ocrx_word' id='word_1_286' title='bbox 796 2216 878 2247; x_wconf 82' lang='lat' dir='ltr'>legem</span> <span class='ocrx_word' id='word_1_287' title='bbox 897 2216 942 2240; x_wconf 80' lang='lat' dir='ltr'>sibi</span> <span class='ocrx_word' id='word_1_288' title='bbox 960 2216 1054 2243; x_wconf 77' lang='lat' dir='ltr'>datam.</span> <span class='ocrx_word' id='word_1_289' title='bbox 1072 2223 1089 2239; x_wconf 88' lang='lat' dir='ltr'>a</span> <span class='ocrx_word' id='word_1_290' title='bbox 1106 2217 1131 2240; x_wconf 85' lang='lat' dir='ltr'>la</span> <span class='ocrx_word' id='word_1_291' title='bbox 1148 2217 1224 2240; x_wconf 74' lang='lat' dir='ltr'>virm.</span> 
     </span>
    </p>
   </div>
   <div class='ocr_carea' id='block_1_5' title="bbox 135 2217 361 2284">
    <p class='ocr_par' dir='ltr' id='par_1_5' title="bbox 135 2217 361 2284">
     <span class='ocr_line' id='line_1_36' title="bbox 146 2217 150 2229; baseline 0 0"><span class='ocrx_word' id='word_1_292' title='bbox 146 2217 150 2229; x_wconf 82' lang='grc' dir='ltr'>ι</span> 
     </span>
     <span class='ocr_line' id='line_1_37' title="bbox 135 2220 361 2284; baseline 0.004 -7"><span class='ocrx_word' id='word_1_293' title='bbox 135 2220 162 2284; x_wconf 51' lang='lat' dir='ltr'>(ff)</span> <span class='ocrx_word' id='word_1_294' title='bbox 181 2254 209 2278; x_wconf 90' lang='lat' dir='ltr'>E.</span> <span class='ocrx_word' id='word_1_295' title='bbox 230 2255 361 2284; x_wconf 79' lang='lat' dir='ltr'>promissa.</span> 
     </span>
    </p>
   </div>
  </div>
 </body>
</html>
