1737 2836
483 192 620 219 (tANTtsss
647 194 829 220 SEPTIMUS.
1178 190 1247 221 465

70 274 142 299 non
170 265 252 300 duae
280 275 455 311 personae,
484 269 519 300 et
546 265 654 300 simul
690 266 805 301 univit
836 266 899 301 sihi
931 276 1079 302 carnem
1108 270 1145 302 et
1171 266 1250 302 ani-

70 335 180 359 mam.
211 325 298 361 Dicit
326 336 434 372 ergo:
462 337 479 359 e
507 327 586 360 meio
613 337 635 360 (ι
661 324 699 361 se*
723 328 759 361 z‘n
782 337 950 371 persona,
974 327 1075 372 idest,
1099 330 1135 363 et
1161 327 1249 362 illud

70 384 232 420 Verbum
260 385 447 420 coniunxit
481 385 545 420 sibi
581 389 617 421 et
651 386 783 431 univit3
814 387 869 422 vel
901 387 1105 422 secundum
1137 387 1247 422 aliam

71 445 225 491 literam,
246 448 295 491 U',
316 446 406 481 idest
425 446 499 491 uhi,
520 445 620 489 idest,
641 446 675 480 in
700 457 774 490 quo
805 447 942 482 mundo
970 447 1087 483 univit
1114 448 1190 493 sihi,
1215 450 1248 482 la

70 509 212 550 natura,
244 506 378 542 scilicet
414 507 628 548 humanam,
656 507 714 540 elce
747 508 848 541 ἔργα
876 509 1057 551 αἰΙιιηραία
1090 510 1152 543 dal
1185 518 1248 543 suo

70 569 222 610 Fateor-e,
245 566 346 611 idest,
365 577 386 602 a
409 569 577 601 creatore
604 566 680 601 Deo
699 576 763 612 per
785 567 930 612 culpam
954 578 1037 612 quae
1059 568 1123 602 suit
1151 568 1247 603 redi-

69 625 201 661 menda
230 636 294 671 per
321 636 479 672 poenam,
508 637 573 660 con
599 628 701 661 l'alto
720 628 774 661 sol
797 628 853 661 del
877 637 939 661 seco
966 631 1083 662 eterno
1111 638 1245 670 amore,

69 685 158 721 idest
177 685 330 732 Spiritus
353 686 466 722 sancti
487 687 545 721 cui
565 686 777 721 attribuitur
795 689 1044 722 amon—Or.
1068 687 1131 723 Hic
1155 688 1246 723 Bea—

69 746 138 780 trix
158 749 302 782 ostensa
324 746 573 782 incarnatione
593 746 700 782 Verbi
720 746 875 782 ostendit
893 747 1097 792 passionem
1120 757 1246 783 neces-

68 806 201 841 sariam
230 806 275 842 ad
302 807 558 853 purgationem
589 807 760 842 humanae
792 810 933 842 naturae
967 810 1176 852 assumptae.
1205 808 1247 842 Et

67 865 113 901 ad
140 866 413 913 intelligentiam
434 867 543 901 huius
562 866 676 902 literae
696 866 798 901 fortis
820 869 873 901 est
892 867 1010 912 primo
1030 867 1244 911 notandum,

67 925 166 971 quod
194 926 361 971 quamvis
389 930 521 961 natura
549 927 711 961 humana
744 926 778 960 in
810 936 965 971 persona
993 926 1123 962 Christi
1151 929 1246 962 esset

68 997 159 1032 pura
188 990 222 1021 et
250 986 435 1031 innocens,
465 987 698 1022 nihilominus
718 986 752 1021 in
773 990 953 1031 quantum
974 987 1135 1021 humana
1164 989 1243 1022 erat

68 1047 208 1092 privata
237 1047 476 1090 heatitudine,
505 1047 590 1092 quia
617 1057 703 1082 caro
727 1051 870 1093 sumpta
891 1047 935 1082 de
960 1047 1100 1093 virgine
1125 1047 1243 1082 solum

69 1110 150 1142 erat
176 1106 221 1141 de
247 1116 359 1142 carne
386 1106 444 1142 illa
473 1117 556 1152 quae
583 1106 821 1142 descenderat
848 1117 892 1142 ex
921 1107 1034 1142 Adam
1060 1110 1241 1152 quantum

67 1167 111 1202 ad
151 1167 343 1202 materiam
380 1167 646 1212 corpulentam,
683 1167 851 1212 quamvis
879 1170 972 1203 esset
1007 1167 1054 1203 ita
1090 1178 1180 1213 pura
1209 1170 1245 1202 et

68 1227 180 1262 libera
208 1237 228 1262 a
256 1230 405 1272 peccato
432 1226 528 1272 Adae,
553 1227 645 1262 sicut
672 1230 751 1262 erat
778 1237 864 1262 caro
892 1227 977 1262 Adae
1002 1230 1087 1262 ante
1114 1237 1243 1272 pecca-

68 1290 158 1331 tum,
180 1286 264 1331 quia
292 1286 454 1321 Christus
478 1297 548 1321 non
577 1286 730 1332 sumpsit
749 1286 793 1321 de
815 1286 928 1322 Adam
958 1286 1023 1321 nisi
1050 1287 1241 1322 materiam

67 1347 180 1382 solam
215 1346 259 1382 de
293 1357 385 1392 puro
418 1347 596 1393 sanguine
632 1346 797 1393 virginis,
826 1346 886 1381 sed
914 1346 1067 1392 Spiritus
1098 1349 1245 1381 sauctus

66 1406 164 1441 dedit
190 1406 307 1441 active
327 1410 497 1442 naturam
518 1407 730 1442 humanam.
751 1406 914 1441 Christus
936 1416 1025 1452 ergo
1050 1406 1245 1452 assumpsit

67 1467 293 1512 poenalitates
320 1467 541 1512 corporales,
565 1467 657 1501 sicut
685 1467 831 1511 samem,
855 1466 961 1511 sitim,
983 1467 1159 1512 lahorem,
1179 1467 1245 1502 do-

66 1528 201 1572 lorem;
230 1531 265 1563 et
292 1528 508 1573 spirituales,
538 1530 577 1562 ut
612 1527 807 1572 tristitiam,
836 1527 1035 1572 planctum,
1068 1531 1104 1562 et
1136 1527 1244 1562 timo—

67 1598 166 1632 rem,
196 1598 261 1623 nec
290 1591 411 1623 tamen
439 1587 635 1633 assumpsit
662 1597 790 1622 omnes
817 1587 1038 1633 corporales,
1060 1587 1153 1623 sicut
1179 1587 1243 1622 de—

65 1647 180 1683 fectus
208 1647 409 1682 multarum
443 1647 724 1693 aegritudinum,
762 1657 827 1682 nec
863 1657 991 1682 omnes
1025 1647 1242 1692 spirituales,

66 1708 158 1743 sicut
185 1708 428 1753 ignorantiam
456 1712 492 1743 et
519 1707 755 1743 rebellionem
784 1707 903 1743 carnis
924 1707 969 1742 ad
991 1707 1169 1753 spiritum.
1190 1707 1240 1742 Ad

67 1768 208 1803 literam
237 1778 345 1813 ergo:
365 1767 510 1802 Beatrix
541 1767 659 1812 primo
687 1767 771 1802 facit
797 1771 966 1803 autorem
995 1771 1175 1802 attentum
1196 1767 1241 1801 ad

66 1828 99 1863 id
127 1827 224 1872 quod
251 1826 372 1861 dicere
400 1826 560 1871 intendit,
580 1826 721 1861 dicens:
750 1829 801 1861 Or
827 1829 953 1861 drizza
978 1828 1003 1860 il
1030 1828 1115 1869 viso,
1138 1826 1242 1870 idest,

65 1886 350 1933 speculationem
374 1886 669 1930 intellectualem,
690 1896 713 1919 α
732 1887 810 1929 quel
826 1887 884 1920 che
909 1887 939 1920 si
965 1887 1131 1928 raye‘ona,
1152 1885 1243 1920 idest

65 1947 231 1992 sequitur
266 1956 330 1991 per
371 1945 704 1980 ratiocinationem:
740 1949 857 1989 qzcesla
896 1948 1044 1989 ηαίιινα,
1087 1944 1241 1989 scilicet,

66 2009 239 2051 humana,
266 2007 362 2040 unica
398 2007 436 2040 al
465 2016 527 2040 suo
555 2008 706 2049 Fattore,
738 2005 871 2040 scilicet
904 2006 979 2040 Deo
1017 2005 1051 2039 in
1086 2014 1240 2050 persona

66 2067 123 2102 filii
153 2077 216 2111 per
243 2076 352 2110 quem
382 2065 503 2100 omnia
533 2066 624 2099 sacta
653 2068 748 2108 sunt,
778 2067 817 2109 su
850 2067 1000 2108 sim-era,
1036 2064 1136 2109 idest,
1165 2064 1242 2099 sine

66 2126 207 2162 macula
236 2125 365 2169 carnis,
394 2136 410 2159 e
436 2126 564 2168 bnona,
593 2125 682 2169 talis,
712 2126 795 2168 qual
816 2127 855 2169 sec
882 2129 1015 2167 creata,
1043 2124 1177 2159 scilicet
1204 2124 1239 2158 in

64 2187 199 2230 Adam3
229 2196 286 2219 ma
312 2187 392 2229 ella,
411 2185 544 2220 scilicet
572 2189 716 2230 natura,
741 2187 778 2230 su
805 2185 968 2219 sbandna
990 2186 1026 2220 (Isi
1046 2186 1239 2228 Paradiso,

65 2247 165 2291 idest,
196 2246 353 2292 relegata
381 2256 401 2280 a
430 2246 598 2281 felicitate
624 2245 667 2280 ad
696 2256 807 2290 quam
836 2249 915 2280 erat
934 2248 1069 2289 creata,
1087 2256 1157 2289 pur
1175 2256 1241 2289 per

197 2316 232 2335 lv.
1080 2315 1107 2334 30
