1737 2836
358 243 496 269 CANTUS
522 243 735 268 TRIGESlMUS
759 242 953 268 SECUNDUS.
1171 236 1240 267 259

70 320 185 363 agunt
211 320 376 362 patenter
403 316 493 352 sicut
521 316 700 361 principes
727 318 853 350 contra
875 313 1078 358 ecclesiam,
1098 313 1161 349 sed
1179 324 1242 349 oc-

70 377 178 421 culte,
205 378 261 411 del
286 377 432 421 {rionfal
458 377 598 418 veiculo,
622 375 723 419 idest,
751 384 884 410 currus
913 373 1096 409 militantis
1123 374 1241 410 eccle-

69 435 142 480 siae,
163 447 245 481 quie
266 437 553 482 triumphaverat
576 435 653 481 jam
674 435 719 470 de
741 434 1033 480 imperatoribus,
1053 435 1112 468 che
1126 445 1241 479 parea

70 498 226 540 diyizma,
262 497 363 542 idest,
401 495 565 531 famelica
600 495 657 530 vel
692 505 819 538 vacua,
852 495 983 537 d’oym'
1008 494 1099 529 baon
1123 498 1240 538 pasto,

71 557 171 603 idest,
188 557 286 593 omni
306 557 400 592 bona
415 556 589 600 doctrina,
605 555 666 590 sed
686 554 785 590 omni
805 564 917 600 pravo
936 553 1109 600 dogmate
1127 557 1238 600 pasta.

72 617 113 652 Et
140 618 260 652 subdit
288 616 526 652 resistentiam
555 625 666 660 quam
695 614 778 649 facit
798 613 939 658 sapiens
966 617 1002 648 et
1030 617 1155 658 potens
1177 613 1242 649 do—

74 677 169 712 mina
192 680 318 712 contra
338 676 485 721 vulpem
512 675 557 710 de
578 675 665 721 Jure
691 677 727 709 et
753 673 798 709 de
825 673 931 718 facto,
958 672 1099 708 dicens:
1124 683 1181 707 ma
1209 674 1244 707 la

72 738 142 771 mia
168 738 301 780 donna,
329 736 428 781 idest,
456 739 579 770 sancta
606 734 796 780 scriptura,
825 733 929 768 cuius
961 733 1114 778 imperio
1147 744 1244 769 nunc

72 807 174 833 eram
202 797 355 840 deditus,
382 796 617 840 rim-eudendo
652 796 707 837 let,
738 794 871 829 scilicet
904 793 1063 839 vulpem,
1090 795 1127 828 αἱ
1154 795 1245 828 laide

71 858 178 901 colpe,
207 856 307 900 idest,
342 848 507 901 turpibus
539 854 746 898 erroribus3
783 864 866 888 nam
898 853 1043 888 Beatrix
1078 853 1245 898 opposuit

71 916 116 951 ad
143 916 390 951 defensionem
418 926 522 950 suam
550 914 698 960 angelos
726 913 789 958 qui
817 916 921 949 erant
941 913 975 947 in
995 923 1121 958 curru,
1141 913 1244 958 idest,

73 986 225 1022 magnos
251 976 419 1011 doctores
446 979 572 1010 contra
601 984 753 1020 magnos
781 974 983 1018 liaireticos,
1003 973 1095 1009 sicut
1116 974 1246 1020 Augu-

72 1035 205 1070 stinum
238 1039 364 1070 contra
396 1035 584 1078 Faustum,
617 1034 882 1079 Hieronymum
921 1036 1048 1068 contra
1084 1033 1244 1069 Jovinia-

72 1105 175 1138 num,
195 1094 256 1139 qui
277 1098 478 1139 posuerunt
504 1104 675 1129 enormes
695 1103 854 1137 errores,
873 1092 965 1127 sicut
984 1093 1059 1138 ipse
1085 1093 1244 1128 Jovinia-

73 1164 140 1188 nus
156 1154 216 1199 qni
234 1154 347 1189 voluit
362 1154 605 1200 virginitatem
622 1153 757 1188 nullam
773 1150 807 1196 (Ἴ)
829 1163 908 1188 esse
926 1153 1099 1188 virtutem
1120 1156 1188 1188 etc.
1209 1156 1245 1189 et

73 1213 120 1248 ita
140 1224 224 1249 curn
245 1214 471 1260 argumentis
491 1214 584 1258 [idei7
599 1215 634 1248 la
654 1214 744 1247 volse
762 1214 796 1247 in
817 1216 912 1247 ίαηία
928 1214 1019 1257 sicca,
1035 1213 1121 1257 quia
1140 1213 1246 1259 suge-

75 1274 120 1308 rit
132 1269 167 1318 ὃ)
189 1284 209 1309 a
230 1274 319 1309 facie
338 1274 517 1318 ecclesiae3
537 1278 666 1317 quanto
684 1275 855 1317 solserson
874 1274 894 1307 l’
906 1283 986 1307 ossa
1004 1284 1111 1307 senza
1130 1274 1246 1317 polpe,

74 1333 158 1379 quia
188 1334 386 1369 maceravit
414 1334 560 1379 vulpem
593 1337 629 1368 et
661 1332 824 1378 spoliavit
857 1332 1038 1377 carnibus,
1067 1333 1112 1367 ita
1147 1333 1246 1378 quod

76 1394 249 1429 remansit
275 1395 349 1429 sola
378 1394 477 1439 pellis
505 1397 654 1428 extensa
681 1403 791 1438 super
819 1392 974 1436 ossibus3
1003 1393 1059 1427 vel
1087 1393 1165 1427 vult
1192 1393 1245 1428 di-

61 1463 159 1489 cere
187 1453 283 1498 quod
313 1456 568 1488 remanserunt
594 1463 675 1488 ossa
702 1452 892 1487 combusta
920 1462 1042 1497 carne,
1071 1453 1156 1497 quia
1185 1463 1245 1488 ec—

75 1513 182 1548 clesia
203 1513 378 1547 incinerat
397 1512 586 1548 haereticos
606 1512 752 1557 quando
775 1511 910 1546 invenit
929 1521 991 1546 eos
1010 1515 1246 1548 contumaees

74 1583 120 1608 ne
147 1572 333 1608 effundant
363 1583 544 1608 venenum
573 1572 608 1606 in
640 1572 727 1607 alios
761 1571 1154 1607 credulos—Poscia.
1183 1573 1246 1608 Hic

74 1636 179 1678 poeta
209 1633 322 1678 tangit
349 1633 455 1667 aliam
485 1632 776 1678 persecutionem
797 1632 927 1666 factam
955 1632 1002 1666 al)
1028 1632 1150 1677 aquila
1178 1633 1247 1667 im-

75 1693 209 1738 periali,
230 1693 290 1727 sed
318 1692 502 1727 contrario
531 1692 649 1733 modo,
670 1692 754 1736 quia
779 1692 895 1737 prima
923 1691 1001 1727 vice
1027 1692 1245 1737 spoliaverat

75 1753 277 1797 ecclesiam,
306 1762 402 1787 nunc
430 1762 518 1787 vero
552 1752 694 1787 vestivit
728 1762 808 1787 eam
846 1752 982 1787 nudam
1016 1752 1061 1787 de
1087 1753 1245 1798 proprio.

76 1813 144 1847 Per
169 1813 234 1847 hoc
255 1812 367 1857 tangit
385 1812 605 1847 dotationem
626 1823 735 1857 quam
758 1812 839 1847 fecit
858 1812 1114 1847 Constantinus
1134 1824 1245 1858 quan]

78 1875 181 1917 poeta
211 1871 308 1917 ponit
337 1882 400 1916 pro
430 1882 561 1917 magna
590 1872 842 1917 persecutione
869 1872 1042 1917 ecclesiae,
1072 1883 1154 1917 quae
1180 1883 1246 1919 ge-

77 1932 247 1967 neraliter
276 1931 395 1966 infecit
423 1932 589 1976 praelatos
607 1932 757 1966 avaritia
780 1942 863 1976 quae
886 1935 938 1967 est
966 1932 1245 1968 fundamentum

76 1991 239 2027 omnium
278 1991 472 2026 malorum.
513 1991 603 2025 Dicit
640 2001 748 2037 ergo:
790 1993 913 2026 Poscia
948 1993 1018 2026 viclo·
1052 1993 1245 2037 l’ayztylt'a,

76 2062 186 2097 quam
214 2050 468 2086 Constantinus
496 2051 753 2096 transportavit
786 2051 819 2085 in
847 2051 1038 2096 Graeciam,
1067 2055 1106 2086 ut
1140 2051 1247 2088 cede-

78 2114 130 2147 ret
148 2106 183 2154 ᾗ)
213 2111 345 2156 pastori
373 2110 580 2155 apostolico,
608 2111 750 2145 scendet·
774 2122 839 2154 per
865 2112 949 2155 inde,
977 2111 1077 2157 idest,
1097 2122 1161 2157 per
1186 2122 1247 2147 ar-

76 2172 216 2214 borem,
235 2172 314 2205 ‹mct’
330 2181 391 2204 era
406 2172 489 2214 pria
519 2174 639 2204 venula
657 2168 715 2214 yit'c
734 2172 921 2216 newarca,
945 2171 1047 2217 idest7
1067 2177 1246 2217 ventrem,

138 2264 162 2292 (u
184 2264 210 2286 E.
229 2263 371 2286 naturalem
390 2270 443 2286 esse
462 2265 591 2287 virtutem.
719 2263 744 2293 (²1
764 2265 793 2288 Ε.
811 2265 870 2295 quia
888 2264 1010 2295 sugerunt
1028 2272 1041 2288 a
1061 2265 1133 2288 facie.

140 2302 165 2331 (¹)
185 2304 235 2329 117,
255 2303 380 2325 redderet.
