1737 2836
521 197 660 223 CANTUS
686 198 832 223 SEXTUS.
1193 192 1262 224 443

82 268 129 304 ab
158 269 321 304 hostibus
348 269 508 305 enatavit
530 280 595 316 per
613 270 789 306 ducentos
808 280 936 316 passus
955 270 999 305 ad
1019 271 1261 316 propinquam

84 329 204 364 navim
228 330 375 375 pallium
397 341 507 365 suum
524 340 609 366 eum
629 330 799 366 dentibus
819 331 1030 375 tral1e115‚et
1050 342 1162 366 manu
1179 331 1264 366 sini-

82 392 156 424 stra
173 389 316 425 elevata
337 400 382 425 ne
402 391 516 426 literae
534 401 626 436 quas
646 390 804 426 habebat
823 390 1100 426 balnearentur:
1122 395 1159 426 et
1177 401 1261 426 cum

84 449 245 485 rediisset
262 450 307 485 ad
323 461 409 485 suos
428 461 514 485 cum
533 450 635 485 solita
658 450 846 486 celeritate
868 455 903 486 et
925 451 1094 487 felicitate
1109 451 1260 487 classem

83 510 179 556 regis
206 511 382 556 oppressit
409 514 445 546 et
471 510 576 555 cepit,
605 513 641 545 et
668 513 786 545 castra
820 511 978 545 hostium
1013 511 1143 546 invasit
1176 521 1259 547 cum

83 581 217 617 magna
245 575 367 617 strage
394 581 535 606 eorum.
556 571 633 606 Rex
654 570 796 617 fugiens
823 570 970 605 intravit
993 582 1105 606 unam
1126 571 1259 616 navim5

84 642 157 677 qua
184 632 352 667 demersa
381 631 613 667 multitudine
639 631 857 678 fugientium
887 631 948 676 qui
975 631 1138 667 similiter
1160 632 1261 667 vole-

84 693 170 727 bant
196 692 365 736 evadere,
388 692 587 728 suffocatus
615 695 669 727 est
697 692 732 726 in
759 702 868 737 aqua.
897 691 1035 727 Deinde
1054 691 1175 727 Caesar
1204 702 1261 727 re—

83 755 210 798 ceptus
244 752 279 787 in
314 752 571 788 Alexandriam
610 752 762 787 reddidit
800 762 956 799 regnum
991 751 1192 797 Cleopatrae
1226 752 1260 786 in

83 812 240 858 pretium
269 813 432 847 libidinis.
454 813 557 848 Nune
576 815 677 858 potes
705 812 829 848 videre
856 812 1019 847 literam:
1040 813 1124 848 dicit
1151 812 1261 847 Justi-

82 872 231 907 nianus:
262 874 326 907 Poe?
355 871 412 907 rel·
440 875 626 916 Durazzo,
645 872 780 908 scilicet
802 872 923 907 Caesar
946 872 1124 908 convertit
1151 882 1259 908 exer-

80 932 212 977 eitum,
247 943 265 966 e
294 944 455 977 percusse
482 934 692 976 Fat'sczylta,
728 932 833 977 idest,
869 932 1107 977 Thessaliam7
1146 943 1257 978 quam

82 992 235 1028 rubeam
255 993 335 1028 fecit
350 993 530 1039 sanguine
548 993 653 1037 civili,
666 989 693 1027 εὶ
712 994 771 1027 elce
790 994 827 1027 al
840 995 899 1027 Nil
915 994 1030 1037 caldo,
1048 993 1262 1039 idestsEgy—

82 1056 164 1098 ptus
180 1063 245 1098 per
264 1063 374 1097 quem
397 1053 530 1087 labitur
544 1053 655 1097 Nilus,
672 1062 755 1098 quae
770 1056 823 1088 est
838 1053 951 1088 calida
973 1053 1073 1099 regio
1093 1057 1257 1088 extrema

81 1112 184 1157 Asiae,
212 1112 440 1148 contermina
474 1113 615 1158 Africae,
649 1114 680 1148 si
708 1109 793 1147 senti
826 1115 882 1148 del
913 1115 1030 1156 clztolo,
1062 1113 1162 1157 idest,
1194 1113 1258 1148 do-

80 1172 168 1208 lore.
196 1173 239 1208 Et
266 1173 386 1208 subdit
413 1173 599 1217 quomodo
625 1173 747 1208 Caesar
774 1177 989 1218 persecutus
1016 1173 1257 1218 Pompeiumg

80 1236 116 1268 et
144 1234 222 1267 vult
248 1233 369 1268 dicere
397 1244 470 1268 uno
499 1233 611 1268 verbo
639 1233 737 1278 quod
756 1233 876 1268 Caesar
900 1233 1062 1268 transivit
1082 1233 1116 1268 in
1136 1233 1256 1268 Asiam

79 1294 124 1329 ad
152 1294 437 1339 Hellespontum,
467 1294 527 1328 ubi
559 1294 645 1329 olim
678 1294 811 1329 Xerses
844 1294 1008 1329 transivit
1041 1304 1085 1329 ex
1113 1294 1195 1329 Asia
1224 1294 1257 1328 in

79 1353 270 1389 Graeciam.
308 1353 396 1388 Dicit
430 1363 539 1399 ergo:
577 1356 613 1388 et
652 1353 738 1388 illud
775 1353 919 1400 signum
954 1353 1102 1398 aquilae,
1134 1355 1257 1396 rive’de,

79 1414 182 1457 idest,
203 1414 336 1449 iterum
358 1413 455 1458 vidit,
471 1415 669 1457 ,-tntamlro‚
691 1414 806 1449 insula
825 1418 880 1449 est
893 1414 1020 1459 Troiae,
1036 1425 1053 1448 e
1071 1415 1257 1449 St‘n'zoema.

79 1474 209 1510 Simois
241 1478 293 1510 est
328 1474 460 1508 fluvius
493 1473 667 1518 troianus,
696 1484 761 1519 per
793 1485 875 1519 quae
907 1474 984 1509 loca
1017 1474 1077 1509 dat
1112 1473 1258 1519 intelligi

80 1536 239 1580 Troiam,
258 1536 349 1569 oncle
375 1536 404 1569 si
431 1545 554 1576 mosse,
574 1534 620 1569 ab
642 1534 740 1569 initio
760 1534 906 1579 quando
926 1535 1024 1569 venit
1045 1545 1129 1569 cum
1150 1534 1259 1577 Enea,

81 1600 121 1632 ut
149 1599 285 1631 tactum
321 1598 375 1630 est
402 1595 437 1629 in
470 1594 643 1640 principio
678 1594 835 1640 capituli,
872 1607 889 1630 e
920 1590 954 1629 lc>
988 1596 1196 1629 dov'Ellore
1230 1595 1261 1627 si

79 1657 187 1692 cuba:
215 1656 282 1691 boc
309 1655 391 1690 dicit
420 1658 589 1690 notanter
612 1655 697 1699 quia
717 1654 838 1690 Caesar
862 1655 1018 1689 visitavit
1039 1658 1075 1689 et
1102 1655 1259 1689 honora-

79 1716 129 1751 vit
156 1716 366 1761 sepulcrum
395 1714 573 1759 Hectori53
593 1718 629 1750 et
656 1714 756 1749 dicit:
785 1725 801 1748 e
825 1716 947 1759 poscia
965 1716 995 1748 si
1017 1715 1177 1756 riscosse,
1201 1723 1259 1747 se—

81 1776 205 1821 movit7
234 1777 306 1810 mal
327 1785 392 1819 per
417 1776 588 1819 Tolomev,
620 1774 716 1809 malo
734 1771 769 1819 (¹)
789 1778 824 1810 et
846 1775 980 1810 damno
1003 1773 1260 1809 Ptolomaei—-

82 1840 139 1872 Da
166 1838 265 1871 oncle.
294 1835 357 1870 llic
385 1835 609 1869 Justinianus
636 1838 732 1870 tacto
761 1845 895 1881 magno
921 1834 1015 1869 bello
1035 1834 1141 1877 civili,
1161 1832 1258 1878 quod

81 1897 203 1933 Caesar
226 1896 335 1942 gessit
355 1906 439 1930 cum
460 1894 645 1940 Pompeio,
666 1904 763 1929 nunc
783 1894 897 1940 tangit
916 1893 1077 1928 breviter
1097 1893 1166 1927 alia
1185 1892 1259 1926 duo

80 1957 174 1992 bella
208 1956 323 1991 cixilia
360 1965 442 2000 quae
475 1954 585 2001 gessit
616 1964 700 1989 cum
737 1953 977 1999 Pompeianis.
1012 1953 1063 1987 Ad
1098 1962 1257 1997 quorum

79 2016 325 2063 cognitionem
355 2018 407 2050 est
435 2014 635 2058 sciendum,
659 2013 755 2058 quod
776 2014 896 2048 Caesar
920 2013 1093 2048 recedens
1112 2022 1155 2047 ex
1177 2011 1257 2046 Asia

79 2077 114 2111 in
144 2076 264 2112 medio
285 2079 543 2121 tempestatum
566 2084 631 2120 per
651 2074 820 2120 hyemem
842 2072 1008 2119 pervenit
1027 2072 1061 2106 in
1082 2071 1259 2116 Sicilianm

81 2140 117 2172 et
144 2136 312 2181 quamvis
339 2139 434 2171 esset
462 2134 690 2170 necessarius
713 2133 832 2178 ltaliae,
853 2136 976 2168 tamen
1004 2132 1157 2167 audiens
1180 2142 1258 2166 ma—

144 2267 172 2296 (')
190 2268 219 2290 E.
239 2267 302 2290 idest
320 2267 388 2290 malo
405 2270 439 2290 et.
