1766 2856
503 234 546 265 60
864 237 1067 263 coMENTUM
1093 237 1312 262 PURGAToml

501 316 624 348 tamen
644 312 776 347 mulier
795 311 908 346 soleat
927 310 1079 345 [aciliter
1093 309 1253 345 oblivisci
1274 309 1439 355 priorum
1459 309 1673 356 affectuum,

501 376 542 408 ut
567 376 675 408 autor
701 371 783 407 alibi
806 372 884 417 jam
912 370 1010 405 dixit.
1039 370 1129 405 Dicit
1156 380 1265 416 ergo:
1295 372 1337 404 Et
1362 371 1429 413 99Ιὶ
1455 380 1477 404 α
1504 381 1569 414 me,
1588 380 1675 416 sup-

501 433 568 478 ple,
598 431 779 477 respondit
805 430 994 466 Foresius:
1023 432 1074 464 La
1102 431 1201 465 Nella
1236 431 1319 473 mla,
1347 429 1471 465 vetula
1503 440 1598 465 uxor
1625 429 1675 465 sic

500 495 639 536 vocata,
676 488 703 526 si
735 495 820 526 costo
853 492 955 525 m’lza
989 492 1149 526 condono
1175 501 1197 524 a
1233 491 1293 525 ber
1326 491 1358 524 lo
1390 491 1486 524 dolce
1515 491 1675 525 assenzio

501 548 713 595 de’marlc'ri,
728 551 829 596 idest,
844 551 988 586 dulcem
1008 550 1291 586 amaritudinem
1307 560 1520 596 poenarum:
1538 553 1676 595 quanto

501 611 597 646 enim
625 610 815 646 delectatio
843 610 878 645 in
905 610 984 645 cibo
1011 614 1047 646 et
1073 614 1159 656 potu
1189 610 1256 644 suit
1283 620 1428 656 magna,
1450 613 1549 645 tanto
1567 619 1676 655 poena

501 674 555 705 est
581 680 708 705 amara
736 670 770 704 in
798 669 893 705 fame
921 673 956 705 et
983 670 1049 715 siti,
1078 674 1114 705 et
1141 673 1264 705 tamen
1298 669 1412 704 dulcis
1445 669 1589 705 ridetur
1616 679 1677 704 ra-

501 729 598 765 tione
624 729 716 775 spei3
745 731 799 764 col
822 740 884 764 sno
905 731 1029 774 pianlo
1060 730 1201 772 dz'rotlo,
1229 729 1277 764 ita
1305 729 1404 774 quod
1436 729 1556 764 sobria
1587 728 1672 774 vini,

501 789 594 825 sacta
621 793 674 825 est
701 789 850 836 prodiga
879 790 1140 835 lacrymarum,
1168 792 1204 824 et
1232 789 1291 834 ita,
1320 790 1421 824 m’lea
1449 793 1554 824 trano
1582 790 1673 823 della

501 854 608 893 cosla,
637 850 781 894 scilicet,
815 850 975 885 inferiori
1012 849 1155 894 montis,
1190 860 1252 884 ove
1290 851 1479 893 s’aspetla,
1506 849 1551 884 ad
1579 852 1674 884 tem—

502 920 581 955 pus,
611 913 649 944 ut
676 909 813 944 dictum
842 913 907 954 est,
934 910 1076 944 co'suoz'
1097 910 1234 953 prieylee‘
1259 909 1378 952 de'voli,
1398 912 1433 944 et
1452 908 1532 944 ideo
1554 908 1673 954 justis,

503 980 521 1003 e
547 979 608 1003 con
636 970 776 1013 sospIrc',
799 979 820 1004 a
839 968 1019 1014 profundo
1039 969 1166 1004 cordis.
1187 969 1229 1003 Et
1247 968 1348 1004 dicit:
1377 979 1394 1003 e
1412 969 1556 1003 liberato
1575 969 1675 1003 m’ha

503 1030 595 1073 cleyless
621 1031 704 1063 altri
734 1030 817 1073 (siri,
845 1029 1076 1064 inferioribus
1110 1028 1323 1075 purgatorii,
1351 1028 1495 1073 scilicet,
1528 1028 1572 1063 de
1605 1028 1677 1063 cir-

505 1090 588 1125 culo
615 1089 807 1135 superhiae,
835 1089 976 1124 invidiae
993 1086 1027 1133 ὕ)
1052 1092 1118 1124 etc.
1135 1109 1182 1113 —
1201 1091 1321 1123 Tanto.
1342 1088 1404 1123 Hic
1423 1088 1592 1124 Foresius
1611 1098 1677 1123 ex-

506 1150 594 1185 tollit
622 1149 910 1195 singularitatem
947 1149 1090 1184 virtutis
1121 1149 1266 1193 Anellae,
1295 1158 1378 1193 quae
1405 1158 1541 1194 paucas
1567 1148 1677 1183 habet

503 1210 618 1245 socias
645 1209 739 1245 inter
780 1213 831 1244 tot
870 1209 1078 1244 inhonestas
1113 1209 1285 1244 mulieres
1313 1208 1532 1244 florentinas.
1567 1209 1609 1243 Et
1636 1211 1677 1243 ut

503 1269 636 1313 videas,
665 1269 749 1314 quid
777 1272 885 1304 autor
913 1273 1036 1305 noster
1063 1269 1192 1305 sentiat
1212 1269 1279 1304 sub
1301 1268 1449 1304 nomine
1471 1268 1592 1314 unius,
1611 1268 1676 1304 de—

501 1329 564 1364 bes
593 1333 729 1373 notare,
758 1329 856 1374 quod
885 1329 970 1363 nihil
997 1332 1051 1364 est
1078 1328 1221 1374 melius,
1250 1328 1335 1363 nihil
1368 1328 1492 1363 utilius
1520 1328 1676 1364 muliere

503 1389 641 1434 pudica.
671 1389 781 1424 Multa
808 1389 904 1424 enim
934 1393 1018 1424 sunt
1037 1399 1120 1434 quae
1138 1399 1203 1434 per
1222 1398 1261 1424 se
1283 1388 1471 1424 nobilitant
1498 1389 1597 1424 clara
1620 1389 1675 1424 in-

501 1449 606 1495 genia
635 1450 821 1494 virorum3
855 1453 891 1484 at
930 1449 1127 1484 mulierum
1157 1448 1303 1494 propria
1336 1448 1452 1483 virtus
1485 1452 1538 1484 est
1570 1449 1675 1494 pudi—

502 1509 606 1544 citia:
648 1509 727 1544 ideo
767 1519 912 1545 summe
952 1509 1144 1554 laudanda,
1185 1509 1271 1554 quia
1303 1509 1396 1544 bene
1432 1513 1598 1544 meretur
1631 1509 1676 1545 de

502 1568 710 1612 maioribus,
746 1579 905 1613 quorum
942 1569 1158 1614 sauguinem
1190 1568 1323 1603 furtiva
1351 1567 1492 1603 soboles
1520 1579 1593 1604 non
1621 1568 1675 1604 vi-

503 1627 585 1671 tiat,
613 1628 706 1662 bene
732 1627 777 1663 de
804 1627 882 1662 liliis
909 1628 970 1673 qui
996 1638 1067 1663 non
1087 1628 1220 1663 habent
1242 1627 1462 1663 erubescere
1481 1627 1525 1663 de
1545 1632 1674 1673 matre,

502 1697 568 1722 nec
595 1687 761 1722 dubitare
788 1687 832 1722 de
860 1692 982 1733 patre,
1011 1688 1104 1723 bene
1131 1687 1249 1733 primo
1268 1687 1312 1723 de
1336 1698 1385 1732 se,
1406 1698 1518 1733 quam
1547 1688 1676 1724 liberat

502 1757 522 1782 a
550 1747 770 1783 contumelia
802 1747 907 1782 alieni
935 1748 1107 1793 corporis.
1140 1748 1236 1794 Ergo
1268 1748 1565 1794 principalissime
1593 1759 1677 1783 mu-

503 1807 568 1842 lier
595 1807 702 1842 dehet
729 1807 865 1842 habere
893 1818 1021 1842 curam
1047 1807 1239 1853 pudicitiae,
1259 1818 1331 1853 qua
1350 1807 1483 1843 amissa
1502 1804 1535 1852 ¹4²)
1557 1809 1676 1844 omnis

502 1866 616 1902 virtus
645 1866 726 1901 ruit.
747 1867 830 1902 l‘laec
849 1877 1050 1912 pauperem
1078 1867 1321 1912 commendat,
1350 1867 1498 1903 divitem
1526 1868 1675 1914 extollit,

500 1926 702 1962 deformem
732 1926 887 1971 redimit,
916 1931 1071 1963 exornat
1098 1928 1275 1974 pulcram.
1297 1928 1393 1974 Ergo
1412 1928 1541 1963 heatus
1562 1928 1675 1964 Fore-

502 1986 587 2031 sius,
602 1986 659 2021 cui
675 1987 823 2033 contigit
842 1987 978 2023 habere
995 1988 1103 2023 talem
1120 1988 1333 2033 mulierem,
1350 1988 1394 2023 de
1415 1999 1486 2033 qua
1503 1988 1604 2023 dicit:
1626 1991 1676 2023 La

504 2047 676 2080 vedovella
704 2048 787 2090 mla,
809 2047 954 2092 scilicet,
976 2047 1114 2093 Auella,
1130 2059 1241 2093 quam
1265 2048 1402 2083 annulo
1429 2048 1674 2094 desponsave-

502 2116 593 2149 ram,
620 2106 678 2139 che
704 2110 798 2140 lanto
817 2109 924 2151 anmi,
948 2111 983 2143 et
1002 2108 1096 2143 bene
1115 2108 1317 2143 redamavit
1337 2118 1396 2143 me
1414 2108 1611 2153 viventem,
1639 2112 1675 2144 et

501 2164 724 2210 defunctum,
745 2169 839 2201 lanto
857 2165 876 2202 e*
895 2177 918 2200 a
939 2168 1007 2201 De‘o
1020 2165 1083 2211 ρι’ἳι
1102 2178 1190 2202 σανα
1217 2179 1233 2202 e
1256 2165 1317 2212 ρι’ἲι
1338 2169 1467 2212 (lz'lella,
1490 2172 1619 2212 quanto
1638 2170 1673 2203 ίιι

564 2293 587 2321 t'„
607 2293 635 2316 E.
653 2293 752 2317 invidia·
770 2297 794 2317 et
813 2295 933 2318 huius.—
948 2296 1033 2318 Tamo.
1114 2295 1140 2324 (¹)
1158 2296 1186 2319 E.
1205 2297 1303 2326 amissa,
1323 2297 1374 2320 ruit
1393 2297 1476 2321 omnis
1493 2297 1575 2321 virtus
1593 2298 1672 2322 illius.
