1737 2836
379 258 515 283 ‹JANTUS
541 259 730 284 VIGESIMUS
756 259 899 285 SEXTUS.
1151 255 1218 285 127

54 326 153 373 idest,
183 329 339 364 rusticus
365 329 538 374 alpestris,
565 332 596 364 st
622 331 723 365 ίιινὸα
749 333 897 376 stupide,
925 332 1085 367 novitate
1113 331 1176 376 rei,
1203 342 1220 366 e

52 392 218 432 ammata,
246 388 346 434 idest,
374 389 602 434 obmutescit,
621 391 831 434 rimz'rando,
851 391 935 436 quia
963 395 1089 437 stupor
1107 391 1220 427 inter-

53 447 140 483 dum
176 448 290 484 reddit
331 448 514 484 hominem
549 449 746 495 elinguem,
783 452 921 494 quando
961 462 1085 495 rozzo,
1119 451 1219 496 idest,

54 507 153 542 rudis
181 512 216 543 et
242 519 370 554 novus,
404 509 584 552 s'e'nm'ba,
611 508 711 554 idest,
740 509 849 544 intrat
881 511 1032 555 urbem,
1064 521 1133 546 non
1167 512 1220 545 al-

54 571 231 612 tramente,
266 568 355 604 idest
389 568 562 613 similiter,
589 569 647 603 che
681 570 969 604 ciascmz'ombra
991 572 1064 615 fece
1094 573 1129 605 in
1155 581 1218 606 sua

51 632 195 672 parata,
223 628 321 673 idest,
354 628 564 673 apparentia
597 628 673 663 sine
708 638 808 664 voce.
845 629 886 663 Et
917 629 974 664 hic
1006 633 1088 664 nota
1122 630 1218 674 quod

54 687 133 722 licet
161 687 384 732 comparatio
406 687 471 722 ista
492 687 657 722 videatur
675 698 800 734 grossa
818 685 867 732 (¹),
892 692 946 724 est
974 692 1094 724 tamen
1115 689 1219 724 valde

53 747 222 792 propria:
251 747 332 782 licet
359 747 455 782 enim
484 747 592 792 possit
619 747 766 794 intelligi
793 748 837 784 de
865 748 1025 793 quolibet
1044 753 1218 784 montano

52 806 170 852 primo
185 807 350 842 veniente
365 807 408 841 ad
431 807 572 852 urbem,
593 810 713 842 tamen
739 807 940 853 specialiter
961 812 1066 853 poeta
1087 808 1217 843 intelli-

53 865 103 911 git
118 865 162 901 de
177 869 349 901 montano
366 866 548 901 habitante
560 862 594 910 (²)
607 866 641 901 in
656 866 797 911 alpibus
808 866 1009 912 Florentiae,
1026 867 1085 912 qui
1102 867 1219 913 prima

52 925 129 960 vice
156 936 228 970 qua
256 926 351 961 venit
380 926 597 961 Florentiam
626 926 749 962 videns
771 927 914 962 excelsa
937 927 1077 972 palatia,
1101 927 1219 961 bomi-

52 995 116 1020 nes
142 985 273 1030 civiles,
306 986 488 1021 mirabiles
515 986 662 1030 sirenes,
691 996 763 1021 non
795 987 947 1021 satiatur
975 986 1066 1031 visu,
1094 989 1129 1021 et
1162 986 1216 1021 vi-

51 1045 138 1080 dens
166 1048 218 1080 tot
244 1055 446 1090 numquam
468 1045 543 1080 visa
562 1045 795 1091 obstupescit:
816 1046 912 1080 hunc
931 1048 1054 1080 actum
1079 1045 1215 1080 viderat

51 1108 156 1150 poeta
184 1105 378 1150 aliquando
405 1105 440 1139 in
468 1105 542 1150 ipsa
566 1105 680 1150 patria
707 1115 783 1140 sua.
812 1105 912 1140 Sicut
939 1115 1027 1151 ergo
1055 1105 1217 1141 montani

51 1164 230 1199 mirantur
259 1164 418 1200 videntes
446 1164 562 1210 primo
589 1164 807 1200 Florentiam
832 1165 1034 1209 florentem,
1054 1165 1101 1200 ita
1121 1175 1217 1200 nunc

51 1224 104 1259 isti
134 1224 314 1259 mirantur
341 1224 502 1260 videntes
529 1224 646 1270 primo
673 1225 790 1260 civem
824 1225 1055 1260 florentinum
1085 1225 1218 1260 floren-

51 1283 227 1318 tissimum
256 1283 375 1319 adhuc
403 1284 595 1319 viventem.
620 1284 660 1318 Et
679 1284 797 1319 subdit
816 1284 1018 1319 orationem
1045 1283 1217 1319 Guidonis

50 1343 94 1378 ad
121 1353 159 1378 se
185 1343 326 1379 dicens:
349 1354 406 1377 ma
420 1345 482 1388 poi
500 1345 557 1378 che
572 1345 681 1388 faron
699 1345 852 1388 scarclee,
873 1344 972 1388 idest,
995 1347 1215 1388 exoneratae,

50 1404 86 1438 (Ii
111 1407 263 1447 stupore,
286 1403 348 1447 qui
376 1403 441 1437 fuit
469 1404 573 1438 valde
599 1404 730 1449 brevis,
755 1404 851 1439 unde
869 1404 969 1440 dicit:
998 1405 1030 1438 lo
1057 1405 1140 1447 qual
1157 1414 1216 1437 ne—

49 1464 97 1507 ylt'
123 1464 184 1497 alli
210 1473 294 1497 czcor
313 1466 398 1497 tosto
416 1464 446 1497 si
462 1466 569 1497 attala
577 1476 590 1507 ,-
610 1463 694 1508 quia
718 1463 783 1498 viri
812 1463 1035 1509 magnanimi
1055 1473 1126 1498 non
1149 1463 1216 1497 mi-

51 1526 179 1557 rantur
205 1522 425 1567 aliquandiu,
454 1522 535 1557 licet
558 1533 651 1558 nova
675 1523 732 1558 vel
755 1533 887 1568 magna
908 1522 1119 1567 videantur,
1148 1523 1215 1558 hoc

49 1584 172 1617 autem
201 1581 284 1617 dicit
311 1581 512 1627 specialiter
540 1592 605 1627 pro
631 1581 778 1617 domino
800 1581 975 1626 Guidone,
996 1582 1057 1626 qui
1080 1582 1145 1616 suit
1164 1582 1219 1617 vir

49 1640 142 1676 bene
168 1641 350 1676 cordatus.
380 1641 480 1676 Unde
506 1641 608 1676 dicit:
637 1643 721 1677 colei
746 1643 804 1676 che
828 1643 911 1686 pria
933 1652 974 1676 ne
1000 1643 1120 1685 chiese,
1149 1642 1218 1677 sci—

49 1699 140 1744 licet,
168 1700 290 1735 anima
316 1700 488 1735 Guidonis
518 1700 717 1746 Guinicelli,
753 1700 967 1745 ricomincn'),
998 1702 1136 1747 supple,
1163 1702 1217 1736 di-

49 1770 134 1795 cere
159 1760 258 1805 mihi,
285 1760 369 1805 quia
397 1760 561 1796 dixeram
589 1761 686 1806 quod
713 1772 758 1797 ex
787 1772 943 1807 superna
970 1762 1087 1808 gratia
1119 1761 1215 1797 ibam

50 1829 113 1865 per
140 1820 393 1866 purgatorium
427 1820 463 1855 in
494 1821 577 1865 vita,
605 1821 702 1856 beato
738 1825 779 1864 te,
811 1821 912 1866 idest,
943 1832 965 1856 o
997 1824 1032 1856 te
1063 1821 1216 1866 felicem,

49 1879 106 1913 che
145 1880 330 1923 z'mbarclee,
370 1880 471 1924 idest,
503 1880 639 1927 colligis
670 1884 705 1916 et
738 1881 881 1926 reponis
914 1881 948 1916 in
981 1881 1129 1916 barcam
1164 1881 1215 1915 tui

50 1938 192 1984 ingenii,
220 1941 420 1984 espere'enza
446 1941 531 1975 delle
556 1945 673 1975 nostre
699 1943 850 1985 marche,
887 1941 986 1985 idest,
1014 1940 1059 1975 de
1086 1940 1217 1975 nostris

50 1997 256 2043 regionibus
285 1999 484 2044 montanis-3
510 2010 574 2044 per
601 2001 694 2035 viver
721 2002 855 2043 meglio.
877 2000 949 2035 Nec
971 1999 1099 2034 dubito
1117 1999 1214 2044 quod

48 2060 152 2102 poeta
181 2058 309 2094 melius
338 2059 435 2104 vixit,
464 2063 498 2094 et
526 2060 656 2095 melius
685 2064 852 2095 mortuus
880 2063 933 2095 est
958 2070 1021 2105 per
1043 2059 1217 2105 compila-

48 2117 182 2152 tionem
210 2118 318 2153 huius
341 2119 470 2164 operis.
486 2140 534 2144 —
548 2122 599 2154 La
616 2124 722 2163 Hence.
744 2120 806 2155 Hic
823 2119 939 2154 Guido
960 2119 1151 2164 respondet
1170 2119 1214 2155 de

50 2180 205 2221 utraque
232 2181 349 2222 secta;
377 2182 411 2214 et
438 2179 555 2224 primo
582 2179 627 2214 ‹le
654 2179 812 2214 secunda
840 2189 922 2224 quae
947 2179 1158 2214 recedebat:
1180 2183 1215 2214 et

112 2268 138 2296 (¹)
157 2267 184 2291 E.
202 2275 287 2297 grossa
306 2269 390 2292 taliter
409 2270 588 2299 comparando,
607 2272 645 2293 est
664 2272 747 2294 tamen
765 2270 838 2294 valde
856 2270 967 2300 propria.

111 2304 137 2333 (²)
156 2305 184 2328 li.
204 2306 358 2330 inhabitante
375 2308 399 2330 in
417 2307 514 2337 alpibus
532 2307 680 2332 florentinis.
