1766 2856
517 224 584 256 188
876 226 1078 252 COMENTUM
1105 225 1322 250 PtRGAToRu

513 301 674 337 facienda
701 299 863 335 carmina
885 298 930 333 de
953 297 1106 332 materia
1127 296 1258 332 divina.
1279 297 1321 330 Et
1340 296 1425 341 quia
1444 305 1576 331 novem
1601 298 1685 330 sunt

514 372 639 405 musae,
661 370 818 405 quarum
842 358 990 393 nomina
1017 360 1052 393 et
1078 356 1197 392 officia
1220 356 1325 402 plene
1343 355 1467 401 scripsi
1488 355 1604 401 primo
1626 365 1687 390 ca-

515 421 627 466 pitulo
662 419 769 454 liuius
805 417 1023 464 Purgatorii,
1063 417 1143 452 ideo
1180 416 1393 451 nominatim
1428 416 1527 462 ponit
1560 425 1686 459 unam,

516 480 619 514 cuius
644 479 758 514 virtus
779 478 939 513 maxime
958 477 1039 512 facit
1057 477 1102 512 ad
1122 479 1338 522 praesentem
1363 475 1565 511 materiam.
1586 474 1687 510 Unde

516 539 617 573 dicit:
646 550 663 573 e
694 539 840 581 Urczm'a,
867 548 949 582 quae
980 537 1090 572 latine
1127 539 1230 572 sonat
1264 536 1431 580 coelestis,
1464 536 1606 570 m'az'uti
1635 535 1690 569 col

516 609 578 633 sno
605 608 702 641 coro,
730 597 830 641 idest,
850 607 935 632 cum
958 596 1140 632 consortio
1167 596 1322 631 aliarum
1343 598 1424 630 octo
1444 605 1626 630 sororum.
1645 594 1689 628 Et

517 669 603 694 ecce
630 668 764 703 quare:
796 659 882 702 forle*
907 667 983 691 cose
1010 667 1031 691 α
1055 667 1187 701 pensat·
1214 659 1349 690 mettere
1374 657 1408 690 in
1437 656 1529 690 versi
1537 668 1552 700 ;
1583 653 1687 700 quasi

517 718 629 753 dicat:
658 717 803 752 difficile
830 721 884 752 est
903 712 1116 759 scriberes}
1141 715 1249 750 talem
1274 715 1465 750 materiam
1494 714 1529 749 in
1557 716 1687 758 metro,

518 778 552 812 in
580 788 653 823 quo
682 777 883 822 requiritur
911 777 989 821 plus
1016 776 1103 810 artis
1135 779 1171 810 et
1206 775 1338 810 laboris
1365 785 1476 820 quam
1505 774 1541 809 in
1568 784 1687 820 prosa,

518 842 557 873 ut
577 838 712 872 dictum
733 840 785 871 est
803 836 934 870 Inferni
954 836 1112 881 capitulo
1128 835 1440 869 XXXII.—Poco.
1461 835 1564 869 Nunc
1583 837 1689 879 poeta

518 898 610 932 facta
638 896 745 931 nobili
770 895 998 930 invocatione
1017 895 1230 941 aggreditur
1249 894 1412 929 valenter
1434 894 1589 928 nobilem
1610 903 1690 928 ma—

519 957 659 1001 teriam,
687 955 895 991 describens
923 955 997 1000 ipsa
1025 954 1242 990 candelabra
1265 964 1426 999 quorum
1447 954 1572 988 lumen
1595 961 1689 998 prae-

519 1019 686 1051 cesserat.
725 1015 815 1050 Dicit
846 1026 954 1061 ergo:
984 1018 1077 1049 Poco
1109 1012 1169 1060 ρι’ἰι
1202 1015 1302 1057 ollre,
1330 1013 1432 1058 idest,
1466 1014 1575 1058 paulo
1610 1017 1689 1058 post

519 1077 605 1112 illud
630 1077 766 1120 lumen,
788 1079 866 1110 selle
893 1075 1003 1109 alberi
1020 1077 1139 1119 d’oro,
1161 1084 1285 1109 aureae
1308 1078 1410 1109 erant
1430 1074 1580 1108 arbores
1605 1083 1690 1118 pro-

521 1141 601 1183 pter
616 1136 873 1182 perfectionem
894 1139 929 1170 et
947 1135 1176 1180 splendorem
1197 1134 1515 1180 fulgentissimum,
1534 1134 1690 1178 falsava,

521 1197 620 1241 idest,
642 1196 729 1231 falso
756 1195 965 1230 ostendebat
991 1194 1077 1229 mihi
1096 1194 1131 1228 in
1153 1193 1374 1239 apparentia,
1394 1193 1479 1237 quia
1501 1192 1535 1226 in
1556 1191 1607 1227 rei
1626 1201 1690 1226 ve-

521 1257 626 1291 ritate
654 1266 725 1291 non
753 1257 857 1290 erant
883 1254 1047 1299 arbores,
1066 1253 1128 1289 sed
1151 1253 1368 1288 candelabra
1390 1251 1612 1287 effundentia
1635 1251 1690 1285 lu-

520 1326 604 1351 men
634 1315 785 1360 implens
813 1318 925 1349 totam
955 1313 1107 1359 sylvam,
1143 1314 1169 1347 il
1193 1314 1299 1357 tureyo
1333 1315 1438 1346 tralto
1471 1313 1526 1346 del
1556 1321 1690 1354 mezzo,

521 1375 620 1419 idest,
641 1384 818 1421 magnum
838 1374 994 1419 spatium
1018 1373 1113 1408 aeris
1132 1372 1250 1416 medii,
1276 1373 1324 1406 (ἤι’
1339 1382 1401 1406 era
1424 1382 1535 1405 (tneor
1554 1375 1611 1405 tra
1632 1372 1692 1405 noi

519 1446 536 1469 e
563 1437 649 1469 lom.
679 1435 721 1469 Et
750 1434 830 1469 vide
862 1433 959 1478 quod
978 1428 1011 1476 (ἢ
1032 1432 1065 1466 in
1094 1435 1307 1467 constructu
1339 1431 1449 1466 debes
1482 1430 1641 1476 incipere
1671 1440 1691 1465 a

519 1495 626 1541 longo
654 1497 784 1538 tractu,
816 1493 901 1537 quia
938 1493 1067 1538 longus
1101 1495 1238 1526 tractus
1270 1495 1306 1526 et
1339 1490 1506 1526 distantia
1539 1490 1689 1526 faciebat

519 1553 737 1588 candelabra
765 1552 877 1587 videri
905 1551 1066 1586 arbores.
1096 1551 1137 1585 Et
1164 1554 1248 1585 nota
1276 1550 1373 1594 quod
1403 1550 1468 1585 ista
1499 1553 1602 1585 erant
1633 1560 1692 1586 se-

520 1617 616 1658 ptem
645 1612 874 1655 candelabra,
904 1611 937 1645 in
965 1611 1097 1656 quibus
1125 1610 1341 1645 videbantur
1366 1613 1504 1654 septem
1533 1610 1691 1645 ssammae

521 1672 709 1718 impositae,
730 1682 812 1717 quae
836 1671 995 1717 figurant
1015 1674 1152 1716 septem
1171 1670 1265 1705 dona
1285 1669 1436 1714 Spiritus
1465 1669 1589 1714 sancti,
1608 1679 1691 1714 quae

521 1734 755 1777 opponuntur
783 1734 920 1776 septem
941 1730 1032 1764 vitiis
1048 1725 1083 1773 4³]
1104 1729 1376 1775 principalibus3
1397 1739 1556 1773 quorum
1576 1728 1691 1764 dono—

522 1802 605 1826 rum
622 1791 781 1836 primum
797 1793 850 1825 cst
866 1789 1006 1835 pietatis
1024 1793 1150 1823 contra
1167 1788 1350 1832 invidiam,
1366 1788 1567 1822 secundum
1584 1788 1692 1823 timo-

522 1851 569 1886 ris
585 1854 710 1886 contra
730 1849 952 1895 superbiam,
970 1849 1117 1884 tertium
1138 1848 1297 1883 scientiae
1311 1851 1438 1883 contra
1458 1847 1562 1892 iram,
1579 1858 1692 1893 quar-

520 1914 599 1945 tum
628 1909 842 1945 fortitudinis
869 1912 995 1944 contra
1014 1908 1200 1952 accidiam,
1220 1908 1388 1953 quintum
1409 1907 1545 1942 consilii
1565 1910 1691 1942 contra

520 1970 722 2013 avaritiam,
742 1972 886 2004 sextum
908 1968 1108 2003 intellectus
1132 1970 1258 2003 contra
1278 1966 1475 2011 luxuriam,
1495 1966 1691 2011 septimum

520 2030 702 2075 sapientiae
730 2032 855 2064 contra
883 2028 1019 2074 gulam.
1036 2030 1169 2063 -Μα,
1190 2027 1253 2061 Hic
1280 2030 1385 2072 poeta
1414 2025 1567 2061 ostendit
1594 2026 1691 2071 quod

519 2089 611 2125 sicut
638 2089 803 2123 distantia
832 2088 949 2123 fuerat
976 2088 1041 2122 sibi
1069 2098 1179 2123 causa
1199 2086 1345 2131 erroriS,
1373 2086 1419 2121 ita
1444 2086 1692 2131 propinquitas

522 2149 602 2184 fecit
629 2149 744 2193 ipsum
774 2148 897 2182 videre
925 2147 1128 2192 veritatem,
1151 2147 1296 2191 scilicet,
1316 2145 1532 2181 candelabra
1551 2148 1586 2181 et
1605 2156 1692 2181 can-

584 2241 611 2271 (¹)
630 2244 682 2269 117,
700 2241 853 2263 describere.
1042 2241 1069 2269 ζ’)
1088 2244 1140 2268 117,
1159 2241 1199 2264 hic
1217 2240 1285 2271 quod
1304 2240 1328 2263 in
1346 2239 1518 2263 construendo
1536 2239 1618 2262 debes.

585 2279 611 2309 (Ἰ
630 2279 658 2302 E.
678 2280 743 2302 vinis
761 2279 909 2308 capitalibus
926 2279 978 2302 sive
996 2278 1184 2308 principalibus.
