1737 2836
402 264 540 290 CANTUS
567 264 758 290 VIGESIMUS
784 265 911 290 NONUS.
1171 258 1238 290 195

75 338 159 383 quia
186 341 260 373 tota
287 338 352 373 ista
381 337 504 372 militia
532 337 706 372 transibat
732 347 796 383 per
824 337 938 383 ripam
964 336 1149 372 Mathildis.
1170 337 1240 372 Per

74 398 142 433 hoc
169 408 239 433 non
268 398 345 433 vult
381 397 479 432 aliud
512 397 633 432 dicere
665 397 729 432 nisi
765 407 849 432 cum
884 397 931 432 illi
962 397 1123 432 seniores
1154 397 1242 432 seri-

76 461 197 503 ptores
230 458 362 493 veteris
394 457 492 504 legiS,
524 457 616 492 sicut
646 458 796 503 Moyses,
828 457 951 502 Est-ira,
979 457 1087 492 Isaias
1117 461 1151 493 et
1184 457 1242 493 alii

77 518 285 553 transissent
313 527 450 561 omnes,
479 516 683 552 successive
712 519 891 551 venerunt
917 517 1110 562 scriptores
1138 527 1241 552 novae

78 577 174 623 legis.
204 578 246 612 Et
272 576 438 612 describit
466 577 541 611 liaec
571 575 741 611 animalia
773 579 952 621 quantum
987 576 1031 611 ad
1066 577 1242 622 habitum,

77 637 216 672 dicens:
245 647 384 681 omnmo
411 647 473 671 era
496 640 646 681 pennum
673 637 710 670 de·
734 637 783 670 sel
803 637 862 680 ali,
889 636 975 681 quia
998 637 1070 672 alte
1097 638 1245 672 volave-

79 700 174 741 runt,
202 699 231 732 le
252 708 364 741 penne
379 699 478 742 piene
496 698 528 731 (l’
543 697 648 740 ocelli,
676 696 762 741 quia
784 696 906 731 omnia
927 699 1035 731 acute
1058 697 1244 741 viderunt3

78 756 174 800 quod
201 757 327 802 pulcre
353 756 511 792 declarat
538 755 677 791 dicens:
698 767 716 790 e
740 757 790 799 9Ιὶ
815 757 909 791 ocche·
926 757 1073 801 d'Aryo,
1095 756 1157 802 qui
1180 757 1245 792 ha-

79 816 186 851 bebat
213 819 359 852 centum
388 817 525 861 oculos,
551 816 714 850 sarebber
740 817 854 860 σοΙαΙί,
880 816 979 861 idest,
1004 817 1137 852 similes
1159 817 1245 862 istis,

78 886 113 910 se
136 878 250 920 fosser
278 878 357 919 riri,
385 876 475 911 sicut
502 880 606 911 erant
633 876 726 911 oculi
746 876 897 911 istorum
921 876 1145 911 animalium.
1166 877 1247 913 Fuit

79 939 203 971 autem
231 936 350 982 Argus
377 940 499 982 pastor
527 946 681 982 magnus
712 937 840 981 plenus
870 936 994 980 oculis,
1022 936 1067 971 de
1094 947 1167 981 quo
1194 937 1246 972 di-

79 999 184 1031 cetur
210 996 244 1030 in
268 996 425 1041 capitulo
445 996 590 1040 xxxu3
610 1000 646 1031 et
665 995 812 1041 quidam
837 996 963 1031 volunt
985 996 1083 1041 quod
1103 997 1248 1043 physice

81 1055 214 1100 figurat
241 1056 389 1100 coelum,
417 1055 514 1100 quod
542 1055 649 1090 babet
676 1055 711 1089 in
738 1065 776 1090 se
802 1055 943 1090 diversa
964 1056 1101 1091 lumina
1129 1057 1248 1092 stella-

82 1125 183 1148 rum:
212 1117 247 1149 et
273 1114 323 1149 sic
350 1114 493 1150 videtur
519 1114 640 1150 dicere
667 1114 763 1159 quod
790 1115 957 1150 animalia
982 1115 1048 1150 ista
1068 1116 1249 1152 habebant

82 1174 206 1209 oculos
241 1175 405 1210 coelestes
438 1178 473 1209 et
507 1174 794 1220 sidereos—„1
828 1176 1012 1209 desererer.
1046 1175 1109 1211 Hic
1144 1180 1249 1221 poeta

83 1237 233 1269 excusat
259 1244 298 1269 se
325 1234 353 1269 si
380 1234 484 1268 nimis
515 1244 623 1279 parce
656 1233 823 1268 describit
859 1236 930 1268 tam
964 1235 1141 1279 stupenda
1171 1236 1250 1271 ani—

85 1294 212 1339 mali33
235 1297 271 1330 et
293 1297 509 1330 convertens
528 1304 567 1329 se
588 1293 632 1329 ad
660 1293 846 1338 lectorem,
869 1294 971 1329 dicit:
996 1297 1024 1329 Ο
1045 1296 1156 1339 letter,
1179 1307 1250 1331 non

83 1364 215 1398 spargo
241 1352 303 1398 piz'c
334 1355 432 1398 rime,
468 1364 595 1388 versus
618 1349 653 1397 (¹)
688 1353 922 1399 rhythmicos,
949 1365 971 1388 α
998 1356 1170 1390 describ-er
1197 1357 1252 1390 lor

81 1415 206 1459 forme,
237 1413 337 1457 idest,
366 1413 502 1459 figuras
531 1412 648 1448 varias
676 1413 766 1448 sicut
794 1417 888 1448 esset
915 1413 1070 1458 decens3
1099 1417 1135 1449 et
1167 1425 1252 1451 ecce

86 1482 221 1517 quare:
249 1474 402 1507 clz’allra
428 1482 529 1516 spesa
563 1473 609 1506 me?
637 1474 780 1516 slrifflte,
819 1473 964 1517 scilicet,
1000 1474 1068 1508 aliu
1101 1484 1158 1509 res
1190 1474 1253 1509 de—

87 1532 274 1567 scribenda
302 1543 346 1567 ex
374 1531 505 1576 debito,
534 1535 627 1566 lanto
653 1533 753 1566 clt’in
781 1536 898 1575 questa
928 1543 997 1566 non
1020 1543 1126 1576 posso
1161 1544 1253 1568 esser

87 1593 202 1636 largo,
233 1592 318 1637 quia
345 1602 416 1627 non
446 1601 592 1637 possum
620 1591 699 1637 plus
726 1591 933 1637 expendere
963 1592 1007 1627 ad
1043 1593 1254 1628 satisfactio-

88 1662 170 1687 nem
199 1652 300 1687 istius
326 1651 452 1687 debiti:
481 1651 565 1696 quia
598 1651 706 1687 habet
733 1651 852 1687 statim
884 1652 1091 1688 describere
1121 1652 1252 1688 ducem

88 1712 196 1747 totius
222 1711 368 1757 militiae,
397 1711 476 1747 ideo
504 1722 574 1747 non
604 1711 679 1746 vult
702 1711 827 1757 largus
846 1722 925 1747 esse
944 1712 978 1746 in
997 1712 1123 1757 servis,
1146 1723 1191 1748 ne
1212 1713 1256 1748 sit

90 1781 220 1816 parcus
247 1771 282 1806 in
308 1771 466 1806 domino.
495 1771 537 1805 Et
563 1771 591 1805 si
618 1771 710 1806 forte
744 1771 857 1806 lector
889 1771 995 1807 vellet
1022 1771 1101 1817 plus
1127 1772 1257 1808 audire

89 1831 134 1866 de
161 1831 325 1875 materia,
353 1830 501 1865 remittit
533 1841 618 1866 eum
651 1830 696 1865 ad
727 1834 869 1866 certum
901 1835 1082 1876 autorem,
1114 1832 1255 1868 dicens:

91 1901 148 1925 ma
175 1891 265 1934 Ieyyi
300 1891 463 1934 Ezechiel,
505 1890 651 1935 scilicet,
691 1891 916 1936 proplietam,
953 1893 1012 1927 che
1046 1893 1071 1926 [ι’
1104 1894 1254 1938 dipiyne,

92 1950 190 1994 idest,
218 1949 387 1985 describit
414 1949 532 1995 primo
559 1949 727 1995 capitulo,
755 1961 849 1984 come
875 1951 899 1985 li
927 1952 1000 1985 vide
1036 1952 1133 1985 ven-ir
1159 1953 1257 1987 dalla

88 2010 216 2055 sredcla
244 2013 361 2054 parte,
399 2009 549 2053 scilicet,
581 2019 602 2044 a
642 2009 918 2054 septemtrione,
950 2020 1013 2044 con
1046 2015 1156 2056 venl0,
1194 2023 1259 2048 con

91 2069 177 2103 nube
202 2079 219 2103 e
250 2079 315 2103 con
347 2069 435 2112 iyne.
467 2068 564 2103 Unde
595 2068 758 2104 Ezechiel
792 2068 876 2103 dicit
911 2069 981 2104 ibi:
1018 2072 1102 2114 Vidi,
1128 2075 1160 2106 et
1185 2082 1260 2107 eece

93 2131 208 2162 ventus
236 2128 380 2162 turbinis
407 2128 560 2163 veniebat
588 2129 631 2162 ab
659 2129 826 2172 Aquilone
857 2131 888 2163 et
924 2129 1028 2164 nubes
1062 2140 1192 2174 magma
1229 2136 1261 2167 et

93 2188 183 2230 tynis
208 2189 398 2230 involvens,
425 2191 457 2222 ec
479 2189 644 2232 splendor
669 2189 703 2222 in
731 2189 871 2223 circuilu
898 2190 968 2223 eius
994 2192 1060 2224 etc.
1081 2190 1122 2225 Et
1141 2191 1260 2226 subdit

157 2316 186 2347 (¹)
204 2318 232 2341 E.
250 2323 264 2340 e
283 2320 334 2346 ¹17,
353 2318 424 2347 idest,
443 2325 538 2342 versus.
