1766 2856
510 250 579 281 292
903 253 1107 278 commTtM
1133 253 1298 277 PARAoisi

509 338 592 363 mus
620 328 655 362 in
682 325 973 362 adolescentibus
1001 325 1109 360 clarae
1129 324 1266 369 indolis,
1287 334 1379 369 quos
1401 328 1485 360 aute
1509 324 1684 359 virtutem

509 388 706 434 perfectam
735 396 816 432 spes
844 382 1089 429 110minum(⁴)
1124 387 1377 430 praeconcepta
1403 384 1448 420 de
1475 384 1541 419 illis
1568 385 1686 420 claros

508 447 601 482 facit.
631 447 765 482 Veram
799 445 910 492 igitur
947 445 1009 490 qui
1046 445 1124 479 vult
1155 444 1322 491 gloriam,
1352 454 1479 480 veram
1511 443 1684 479 virtutem

508 509 626 552 petat3
655 517 767 551 quam
796 505 858 551 qui
886 505 1006 551 habet,
1027 505 1112 541 velit
1140 504 1238 550 nolit,
1266 504 1411 540 claritas
1438 504 1539 539 illum
1563 503 1686 549 sequi-

510 570 580 602 tur.
609 566 707 601 Intra
735 566 920 600 hominem
949 565 1047 601 enim
1075 565 1124 600 sic
1152 568 1295 610 oportet
1324 564 1420 609 quod
1449 564 1551 599 illum
1579 563 1686 599 faciat

509 626 729 672 gloriosum,
759 636 843 660 nam
870 625 982 660 duces
1009 628 1045 660 et
1072 625 1263 670 principes,
1290 624 1490 670 philosophi
1516 627 1551 660 et
1570 627 1686 670 poetae

511 690 561 722 tot
588 685 774 721 laboribus
802 685 983 720 bellorum
1013 688 1049 719 et
1075 684 1280 719 studiorum
1309 684 1510 731 gloriosum
1533 684 1599 719 sibi
1620 693 1687 718 no-

512 756 595 781 men
623 745 742 781 facere
769 750 1006 780 curaverunt.
1026 744 1128 780 Unde
1156 744 1351 779 illustrium
1372 754 1611 780 romanorum
1632 743 1687 778 in-

509 806 591 841 clita
610 809 712 851 gesta
734 804 898 840 miranda
918 808 954 840 et
976 815 1041 850 per
1060 804 1193 840 saecula
1221 803 1686 854 memoranda,·cupiditate

510 865 635 909 laudis,
664 864 812 899 honoris
839 867 875 900 et
902 864 1028 910 gloria}
1050 864 1143 900 facta
1163 868 1257 899 sunt.
1278 865 1377 900 Hanc
1396 864 1494 900 enim
1517 863 1686 910 gloriam,

511 929 549 960 ut
566 924 650 959 dicit
673 924 910 970 Augustinus,
940 924 1193 960 ardentissime
1217 924 1436 968 dilexerunt,
1455 934 1522 970 pro
1545 925 1613 959 hac
1631 923 1687 959 vi-

509 995 596 1020 vere
632 985 842 1029 voluerunt,
870 995 936 1030 pro
972 985 1040 1020 hac
1073 985 1168 1020 mori
1201 995 1273 1020 non
1309 985 1583 1030 dubitaverunt,
1620 995 1686 1030 pro

510 1044 616 1079 liuius
643 1045 752 1079 unius
780 1044 903 1090 magni
932 1044 1005 1079 vitii
1033 1045 1241 1090 cupiditate,
1262 1048 1395 1080 caetera
1417 1045 1503 1080 vitia
1526 1044 1686 1090 compri—

511 1108 660 1140 mentes.
682 1104 813 1139 Laudis
832 1104 928 1139 enim
948 1104 1043 1139 avidi
1070 1108 1175 1140 erant
1200 1105 1363 1150 pecunizc
1386 1104 1570 1150 liberales,
1590 1104 1687 1140 unde

510 1165 584 1211 ipse
612 1164 837 1211 Augustinus
864 1164 900 1199 in
922 1164 966 1199 dc
986 1164 1138 1200 Civitate
1156 1165 1219 1200 Dei
1242 1165 1351 1211 longo
1374 1165 1539 1200 discursu
1564 1168 1687 1200 osten—

508 1225 558 1260 dit
583 1225 698 1260 ardua
726 1225 841 1259 multa
864 1235 948 1270 quae
969 1225 1109 1260 romani
1131 1225 1412 1271 magnanimiter
1436 1226 1602 1261 fecerunt
1621 1235 1687 1271 pro

509 1285 584 1320 sola
614 1288 759 1320 terrena
786 1285 901 1331 gloria
924 1295 1030 1330 vana,
1051 1288 1092 1319 ut
1118 1285 1168 1320 sic
1196 1285 1298 1320 nobis
1318 1281 1555 1331 ingeneret&¹
1576 1295 1687 1332 appe-

510 1344 615 1379 titum
645 1344 801 1380 coelestis
820 1345 946 1390 glorize
967 1355 1074 1380 verce.
1095 1344 1129 1379 Si
1150 1344 1260 1390 igitur
1280 1345 1395 1391 gloria
1414 1345 1630 1381 brevissimo
1647 1341 1683 1390 (³)

510 1408 617 1440 terrae
636 1405 773 1452 pugillo
795 1408 936 1440 arctata
960 1408 1150 1450 tantopere
1167 1399 1202 1448 (¹¹)
1222 1405 1268 1440 ab
1287 1405 1458 1440 omnibus
1481 1404 1687 1450 affectatur,

509 1464 595 1509 quid
614 1465 730 1511 gloria
749 1464 972 1509 amplissimo
985 1460 1020 1508 (⁵)
1041 1464 1122 1499 coeli
1142 1464 1256 1510 spatio
1275 1464 1435 1509 dilatata,
1459 1475 1570 1510 quam
1590 1475 1688 1501 nunc

512 1524 720 1570 dignissime
748 1527 853 1569 poeta
880 1525 946 1559 sibi
974 1525 1127 1559 assumit
1156 1536 1221 1570 pro
1249 1525 1402 1560 materia
1426 1525 1688 1561 describenda?

510 1584 584 1630 Ego
607 1594 695 1619 vero
716 1588 939 1619 exoneratus
958 1588 1118 1629 utroque
1141 1585 1298 1619 humero
1318 1585 1466 1620 tertium
1487 1596 1579 1631 opus
1597 1596 1688 1622 one-

511 1655 635 1679 rosum
665 1644 881 1680 incumbens
909 1645 1028 1690 capiti,
1056 1644 1228 1690 dignante
1260 1645 1346 1690 Deo,
1382 1645 1487 1680 cuius
1522 1656 1581 1681 res
1611 1645 1688 1693 agi—

510 1707 580 1748 tur,
609 1703 722 1739 libens
750 1707 786 1739 et
814 1705 918 1739 laetus
946 1704 1143 1750 explanare
1171 1704 1342 1739 conabor.
1366 1704 1435 1740 Iste
1470 1715 1561 1750 ergo
1596 1705 1688 1741 liber

509 1764 689 1810 gloriosus
716 1764 903 1799 distinctus
931 1764 965 1799 in
995 1764 1138 1799 XXXIII
1158 1765 1315 1810 capitula
1332 1759 1381 1810 ff),
1401 1768 1441 1799 ut
1460 1765 1504 1801 de
1532 1776 1570 1801 se
1589 1768 1688 1811 patet

510 1835 575 1860 sua
603 1824 777 1870 primaria
803 1824 989 1869 divisione,
1011 1828 1128 1870 potest
1149 1824 1257 1859 dividi
1286 1825 1321 1860 in
1349 1825 1440 1861 duas
1467 1829 1589 1871 partes
1608 1836 1687 1862 ma-

509 1896 617 1931 gnas,
646 1885 680 1919 in
713 1895 872 1930 quarum
906 1885 1023 1931 prima
1055 1888 1162 1930 poeta
1190 1885 1323 1920 Dantes
1349 1885 1519 1921 describit
1545 1889 1685 1932 septem

509 1944 645 1991 species
678 1944 924 1990 gloriosorum
960 1944 1154 1990 spirituum
1189 1945 1442 1991 apparentium
1477 1946 1512 1980 in
1545 1949 1684 1991 septem

509 2005 622 2051 speris
649 2005 716 2039 sul)
745 2005 881 2040 virtute
913 2008 1052 2050 septem
1088 2005 1332 2050 planetarum,
1359 2008 1395 2040 et
1425 2005 1533 2040 durat
1568 2015 1686 2050 usque

508 2065 553 2101 ad
582 2066 691 2100 XXIII
706 2065 918 2111 ⁴capitulum
950 2065 1058 2100 liuius
1081 2065 1252 2100 Paradisi.
1280 2065 1320 2100 In
1338 2065 1497 2101 secunda
1517 2065 1686 2100 describit

510 2128 583 2160 tres
610 2126 718 2160 orbes
745 2125 970 2161 universales
998 2125 1191 2170 coelorum,
1224 2125 1370 2171 scillcet,
1402 2129 1568 2161 octavam
1605 2135 1687 2171 spe-

511 2195 601 2229 ram,
630 2195 712 2229 quae
739 2185 870 2220 dicitur
900 2185 1196 2230 firmamentum,
1225 2188 1261 2220 et
1288 2196 1436 2230 nonam,
1456 2196 1538 2230 quae
1563 2185 1688 2231 appel-

573 2276 599 2305 (¹)
622 2279 639 2303 l,
659 2284 715 2306 spes
733 2278 857 2300 omnium.
1007 2277 1035 2307 (²)
1052 2278 1080 2300 E.
1099 2278 1236 2306 ingosci-cl.
1389 2277 1415 2307 (⁸)
1434 2278 1462 2301 Ε.
1482 2278 1638 2301 brevissima.

573 2315 598 2344 (⁸)
617 2315 645 2338 1⁴2.
665 2318 734 2339 lanto
753 2318 877 2345 temporo.
1006 2316 1031 2344 (⁸)
1050 2316 1078 2339 E.
1097 2316 1261 2345 amplissima.
1389 2316 1415 2346 (⁰)
1433 2316 1462 2339 E.
1480 2316 1604 2346 capitulis.
