1766 2856
526 223 595 254 204
884 229 1087 255 COMENTUM
1114 231 1333 257 PURGATORII

525 438 691 470 CANTUS
716 439 984 479 TRIGESIMUS,
1010 441 1045 472 in
1067 451 1125 481 quo
1151 445 1266 473 tractat
1288 443 1368 474 sicut
1383 442 1522 474 Beatrz'z
1546 446 1700 484 apparuit

603 495 631 525 ei
650 495 762 525 'induta
780 495 934 534 flammis,
958 499 986 527 et
1009 498 1089 528 sicut
1111 497 1168 528 ma
1193 499 1318 529 domim(
1339 509 1408 538 quse
1428 501 1578 539 cmparuit
1594 500 1699 532 Danti

594 551 691 589 prins
715 551 812 582 mzdz‘a
835 553 1003 591 receptam}
1026 553 1170 584 Beue-502·
1193 554 1230 585 (Ie
1254 555 1383 586 erimine
1408 555 1528 586 Dantis
1552 566 1607 587 cm·
1630 557 1698 596 ipse

599 606 795 646 relinquerat
824 618 892 638 cam
915 618 978 647 pro
1010 609 1083 640 aliis
1110 610 1219 648 tanis,
1252 613 1279 641 ct
1309 611 1389 642 sicut
1413 610 1537 643 Dentes
1554 612 1699 651 ploravit

600 671 701 692 coram
726 663 798 701 ipsa
821 673 853 694 se
871 663 1006 702 pudens.

601 790 811 891 QUANDO
836 839 862 872 z'l
885 839 1084 872 sellentre'on
1103 840 1160 873 del
1173 841 1289 883 primo
1317 841 1411 875 cielo.
1435 841 1632 886 Postquam
1661 842 1697 877 in

519 897 735 942 praecedenti
757 897 913 942 capitulo
938 901 1043 943 poeta
1067 902 1190 934 noster
1209 899 1396 945 descripsit
1414 900 1617 947 figuraliter
1636 912 1695 937 ec-

518 956 664 991 clesiam
681 956 742 992 Dei
759 957 984 1002 militantem,
998 968 1095 993 nune
1109 963 1378 1004 consequenter
1395 960 1430 994 in
1446 960 1512 996 isto
1525 961 1624 996 XXX
1635 972 1696 997 ca—

519 1016 631 1061 pitulo
654 1016 848 1052 introducit
873 1018 1090 1063 Beatricem,
1113 1028 1196 1064 quae
1222 1019 1326 1055 docet
1352 1023 1551 1066 utramque
1578 1023 1696 1058 eccle-

520 1076 608 1111 siam
630 1080 670 1111 ut
688 1087 753 1122 per
775 1077 989 1113 militantem
1014 1082 1195 1124 praeparet
1218 1090 1304 1115 eum
1331 1080 1376 1115 ad
1395 1081 1694 1127 triumphantem.

520 1136 562 1170 Et
588 1147 748 1182 praesens
775 1138 975 1183 capitulum
1003 1142 1119 1183 potest
1149 1139 1310 1175 breviter
1337 1140 1445 1175 dividi
1472 1141 1507 1176 in
1535 1145 1696 1187 quatuor

520 1199 641 1241 partes
660 1197 867 1243 generales;
883 1197 918 1232 in
932 1198 1049 1243 prima
1069 1209 1227 1243 quarum
1246 1199 1463 1235 continuans
1482 1211 1521 1236 se
1539 1201 1584 1237 ad
1599 1212 1694 1248 prae-

519 1257 695 1302 cedentia,
723 1257 878 1293 ostendit
905 1258 1062 1303 qualiter
1084 1259 1268 1294 exercitus
1295 1259 1361 1295 iste
1385 1260 1601 1296 victoriosus
1628 1273 1695 1308 po-

519 1316 632 1352 suerit
651 1327 833 1362 campum.
854 1318 892 1352 In
915 1318 1073 1354 secunda
1096 1319 1265 1354 describit
1293 1320 1405 1365 ipsam
1427 1321 1629 1357 Beatricem
1658 1322 1694 1357 in

522 1377 646 1412 habitu
662 1381 698 1413 et
711 1382 807 1423 actu,
824 1378 886 1413 ibi:
903 1381 942 1413 Io
958 1380 1029 1413 vidi
1041 1374 1111 1423 yid.
1123 1380 1161 1414 In
1178 1380 1284 1415 tertia
1299 1380 1583 1426 increpationem
1600 1382 1693 1418 illius

517 1437 563 1472 ad
578 1447 627 1482 se,
643 1441 679 1472 et
697 1437 950 1483 increpationis
969 1438 1153 1484 effectum,
1174 1439 1239 1474 ibi:
1272 1442 1380 1483 Quasi
1397 1443 1633 1485 enimiraylz'o.
1653 1442 1694 1478 In

517 1500 649 1541 quarta
669 1501 703 1532 et
723 1497 851 1532 ultima
871 1497 1017 1533 Beatrix
1036 1499 1121 1534 facit
1141 1509 1312 1545 magnam
1335 1501 1692 1538 commendationem

518 1555 562 1591 de
577 1556 702 1601 Dante,
719 1560 758 1591 ut
774 1557 976 1592 evidentius
995 1561 1127 1604 arguat
1145 1558 1224 1594 eius
1243 1570 1422 1605 errorem,
1439 1561 1506 1596 ibi:
1522 1563 1692 1606 Ella,pur

515 1617 640 1659 ferma.
662 1616 713 1650 Ad
736 1616 896 1661 primum
917 1617 1066 1652 veniens
1086 1618 1165 1653 dico
1185 1619 1282 1663 quod
1302 1624 1407 1665 poeta
1426 1621 1581 1656 ostendit
1600 1632 1693 1667 quo-

517 1675 625 1710 modo
645 1676 828 1711 exercitus
850 1677 1118 1723 suprascriptus
1137 1678 1255 1723 primo
1276 1679 1384 1715 suerit
1411 1684 1693 1718 castrametatus

516 1745 581 1781 per
598 1746 707 1770 unam
724 1737 1035 1782 comparationem
1052 1738 1321 1774 subtilissimam
1338 1744 1375 1775 et
1388 1741 1690 1788 propriissimam3

516 1794 596 1829 ideo
624 1798 677 1830 est
705 1795 761 1831 bic
789 1796 1024 1832 insistendum
1052 1798 1266 1844 specialiter,
1286 1800 1371 1845 quia
1392 1804 1513 1836 textus
1540 1802 1607 1837 iste
1634 1806 1688 1838 est

515 1855 694 1890 obscurus
722 1860 757 1891 et
785 1857 880 1892 male
906 1858 1091 1903 expositus
1117 1869 1138 1893 a
1167 1859 1350 1905 plurimis,
1379 1861 1459 1897 ideo
1488 1865 1688 1908 antequam

514 1915 659 1951 veniam
695 1916 741 1951 ad
776 1916 930 1963 literam,
958 1919 1173 1954 sententiam
1210 1921 1422 1956 enucleabo.
1451 1922 1564 1967 Igitur
1592 1925 1688 1968 nota,

514 1975 638 2020 lector,
664 1976 761 2021 quod
789 1981 894 2022 poeta
923 1978 957 2013 in
984 1978 1117 2014 effectu
1146 1990 1217 2014 non
1246 1980 1323 2015 vult
1349 1981 1447 2016 aliud
1474 1981 1595 2017 dicere
1622 1982 1689 2018 nisi

514 2034 610 2079 qnod
638 2035 731 2070 sicut
758 2037 983 2073 constellatio
1010 2039 1324 2085 septemtrionalis,
1341 2051 1424 2085 qua}
1446 2041 1576 2076 dicitur
1603 2052 1690 2078 cur-

515 2104 588 2138 rus,
617 2098 786 2131 constans
813 2107 858 2132 ex
886 2101 1025 2143 septem
1054 2099 1164 2134 stellis
1187 2099 1247 2134 ubi
1267 2103 1321 2135 est
1342 2103 1584 2147 tramontana,
1604 2101 1691 2137 diri—

513 2154 563 2200 git
591 2164 718 2190 omnes
746 2157 958 2203 navigantes
986 2158 1020 2193 in
1051 2160 1188 2195 mundo
1212 2163 1335 2196 nostro
1363 2160 1397 2195 in
1426 2161 1482 2196 via
1505 2172 1571 2198 sua
1591 2165 1626 2198 et
1645 2163 1691 2198 ad

513 2218 659 2261 portum
681 2226 810 2261 suum,
840 2217 887 2253 ita
915 2220 1014 2254 recte
1041 2231 1061 2255 a
1090 2220 1206 2265 simili,
1227 2221 1292 2256 ista
1311 2225 1449 2267 septem
1470 2222 1690 2258 candelabra

513 2284 597 2320 quae
623 2279 708 2310 sunt
734 2280 872 2323 septem
900 2278 994 2314 dona
1022 2280 1174 2325 Spiritus
1201 2281 1327 2327 sancti,
1354 2285 1545 2328 tamquam
1576 2283 1688 2320 coele-
