1766 2856
504 238 573 271 310
901 244 1106 269 coMExTUM
1132 244 1299 269 PARAnisl

501 318 611 363 Deus,
642 317 704 362 qui
733 320 785 352 est.
813 316 876 351 lux
898 316 1036 361 mundi,
1057 316 1176 351 oritur
1195 317 1404 352 hominibus
1430 328 1495 363 per
1521 318 1685 353 diversas

501 379 588 423 vias,
618 378 680 413 sed
717 377 902 423 potissime
936 387 1000 422 per
1035 381 1196 422 quatuor
1229 377 1382 413 virtutes
1415 378 1616 413 cardinales
1651 380 1686 413 et

501 442 574 474 tres
601 438 750 473 divinas.
772 438 814 472 Et
833 437 890 472 hic
910 441 996 472 nota
1018 437 1112 472 bene
1133 437 1230 482 quod
1251 437 1431 473 rectitudo
1450 437 1582 473 animae
1601 448 1687 483 per-

499 499 593 534 fecta
622 498 787 544 requirit,
810 497 908 543 quod
928 497 1003 543 ipsa
1024 497 1247 533 rectificetur
1270 497 1475 532 secundum
1500 497 1682 544 duplicem

500 558 643 603 faciem,
659 558 803 603 scilicet,
819 558 1049 604 superiorem
1066 561 1101 593 et
1124 557 1349 603 inferiorem,
1367 560 1402 593 et
1418 561 1586 604 respectu
1607 557 1686 593 finis

501 622 535 655 et
565 623 734 665 respectu
755 629 885 654 eorum
917 629 1000 664 quae
1027 622 1110 653 sunt
1139 618 1183 653 ad
1213 618 1343 663 finemg
1364 618 1444 653 ideo
1464 628 1613 654 necesse
1632 621 1686 654 est

499 679 661 715 animam
682 682 862 724 quantum
891 678 936 713 ad
964 678 1194 724 superiorem
1218 678 1347 714 faciem
1373 678 1407 713 in
1431 689 1505 724 qua
1524 678 1686 714 consistit

500 739 623 785 imago
645 739 828 774 Trinitatis
847 742 995 774 aeternae
1016 737 1208 773 rectificari
1228 748 1293 784 per
1313 742 1387 774 tres
1406 739 1560 774 virtutes
1582 739 1684 774 theo-

499 799 646 846 logicas,
666 800 714 835 ita
734 799 832 844 quod
860 799 946 834 fides
974 798 1106 845 dirigat
1126 798 1161 833 in
1180 809 1327 834 summe
1346 809 1478 835 verum
1498 799 1682 835 credendo

499 863 533 895 et
561 859 809 903 assentiendo3
838 869 919 904 spes
947 859 982 893 in
1010 869 1157 894 summe
1176 858 1335 893 arduum
1366 858 1541 894 imitando
1564 862 1599 894 et
1619 870 1685 895 ex-

499 920 695 966 pectand03
718 919 850 955 caritas
878 919 914 954 in
942 930 1087 955 summe
1108 919 1247 955 bonum
1272 919 1512 955 desiderando
1540 923 1575 955 et
1601 919 1682 954 dili—

499 980 630 1026 gendo.
651 980 807 1015 Necesse
835 983 888 1015 est
916 980 1026 1015 etiam
1047 983 1228 1025 quantum
1248 979 1293 1015 ad
1318 980 1529 1016 inferiorem
1550 980 1680 1015 faciem

498 1039 691 1075 rectificari
719 1050 784 1086 per
811 1042 972 1085 quatuor
1000 1039 1155 1075 virtutes
1174 1040 1388 1085 cardinales7
1410 1050 1493 1086 quae
1513 1040 1681 1075 ordinant

496 1104 600 1136 actus
624 1100 794 1145 morales,
814 1100 859 1135 de
879 1100 1012 1145 quibus
1032 1103 1229 1135 tractatum
1251 1103 1304 1135 est
1326 1100 1456 1136 totiens
1475 1100 1568 1136 libro
1587 1100 1682 1134 Pur-

495 1160 627 1207 gatorii
646 1160 682 1195 in
710 1160 912 1206 proliemio,
933 1163 967 1196 et
988 1160 1022 1195 in
1041 1160 1118 1196 aliis
1138 1160 1262 1195 multis
1281 1160 1368 1196 locis
1388 1164 1423 1196 et
1442 1161 1679 1207 capitulis.—

495 1223 606 1256 Fallo.
628 1221 692 1256 Hic
712 1225 818 1267 poeta
838 1221 1090 1267 superextollit
1109 1221 1219 1257 talem
1240 1225 1364 1256 ortum
1388 1232 1498 1256 suum
1522 1222 1680 1268 probans

496 1281 594 1328 quod
622 1282 674 1317 sol
702 1281 737 1316 in
766 1281 826 1317 tali
854 1281 957 1328 siguo
986 1281 1148 1317 maxime
1176 1285 1325 1317 exercet
1357 1282 1533 1317 virtutem
1561 1292 1681 1328 suam,

496 1343 582 1388 quia
611 1342 694 1378 facit
722 1342 825 1377 nobis
852 1342 1070 1388 temperiem
1099 1353 1293 1389 magnamg
1314 1342 1412 1378 unde
1439 1342 1540 1378 dicit:
1561 1346 1596 1378 et
1619 1343 1677 1378 illa

495 1403 647 1439 lucerna
681 1403 820 1448 mundi,
849 1413 922 1437 esce
955 1404 1143 1446 confsizmla
1174 1414 1239 1437 con
1274 1404 1414 1447 miylc'or
1449 1413 1566 1447 corso,
1595 1403 1680 1448 quia

494 1466 581 1499 tunc
609 1463 725 1498 currit
753 1464 805 1498 sol
833 1474 899 1509 per
927 1463 1091 1499 medium
1112 1463 1205 1509 coeli,
1229 1463 1314 1508 quia
1343 1464 1510 1510 pervenit
1535 1464 1581 1500 ad
1609 1464 1681 1500 cir-

495 1523 622 1558 culum
660 1523 966 1569 aequinoctialem,
995 1534 1012 1558 e
1039 1534 1101 1558 con
1135 1525 1294 1567 miyliore
1320 1525 1432 1569 stella,
1463 1523 1563 1569 idest7
1591 1534 1681 1560 con-

495 1583 715 1619 stellatione:
745 1586 798 1619 est
825 1583 923 1619 euim
955 1583 1051 1619 aries
1085 1584 1230 1630 signum
1265 1588 1434 1619 constans
1469 1594 1514 1620 ex
1549 1584 1676 1621 decem

497 1646 580 1678 octo
607 1643 737 1688 stellis3
766 1647 802 1679 et
829 1647 914 1679 nota
943 1643 1041 1689 quod
1061 1643 1163 1690 signa
1192 1644 1322 1679 eodem
1350 1644 1429 1679 loco
1451 1644 1622 1680 oriuntur
1644 1649 1680 1681 et

491 1703 674 1748 occidunt,
699 1714 771 1738 non
801 1703 851 1739 sie
879 1704 943 1748 sol,
974 1703 1065 1739 sicut
1095 1703 1219 1739 scribit
1246 1703 1381 1750 Iginius
1409 1703 1453 1740 de
1480 1705 1678 1752 astrologia

492 1763 644 1809 poetica.
678 1764 721 1798 Et
760 1763 891 1810 probat
930 1774 996 1810 per
1036 1763 1223 1808 effectum,
1251 1763 1393 1799 dicens:
1423 1775 1440 1798 e
1473 1768 1627 1809 tempera
1662 1777 1680 1800 e

491 1826 648 1868 sztyyella
676 1826 711 1859 [α
739 1825 919 1859 mondcma
945 1835 1041 1869 cera,
1069 1824 1171 1869 idest,
1201 1824 1395 1859 materiam
1419 1824 1676 1862 elementalem

492 1884 717 1930 inferiorem,
745 1895 857 1930 quam
885 1887 995 1919 autor
1022 1884 1274 1930 metaphorice
1300 1884 1459 1930 appellat
1482 1895 1619 1931 ceram,
1639 1889 1676 1921 et

490 1946 719 1992 dignissime:
741 1946 793 1981 sol
821 1945 918 1981 enim
944 1949 1135 1991 tamquam
1156 1945 1314 1992 sigillum
1339 1949 1519 1981 aeternum
1540 1946 1678 1982 immu-

491 2006 598 2042 tabile
626 2006 802 2052 imprimit
822 2006 998 2041 virtutem
1022 2016 1127 2041 suam
1148 2005 1184 2040 in
1206 2006 1315 2041 talem
1339 2005 1533 2041 materiam
1555 2009 1677 2042 muta—

489 2066 599 2102 bilem
628 2067 673 2102 ad
702 2066 855 2102 modum
884 2076 990 2102 cerac.
1014 2066 1115 2101 Sicut
1136 2065 1233 2102 enim
1257 2076 1342 2101 cera
1362 2076 1434 2100 non
1454 2065 1560 2100 nimis
1582 2066 1676 2103 dura

490 2137 557 2162 nec
584 2127 691 2161 nimis
719 2127 867 2172 liquida,
886 2127 949 2162 sed
971 2126 1163 2172 aequaliter
1191 2129 1397 2171 temperata
1417 2126 1544 2172 recipit
1572 2126 1675 2173 sigilli

490 2186 783 2232 impressionem,
806 2186 856 2222 ita
876 2187 943 2222 ista
966 2184 1122 2222 materia
1141 2185 1359 2222 adveniente
1382 2186 1561 2232 temperie
1580 2186 1676 2222 veris

491 2246 617 2292 recipit
645 2246 864 2282 infusionem
892 2247 988 2291 solis,
1008 2250 1045 2282 et
1069 2250 1155 2282 tunc
1183 2249 1282 2282 terra
1311 2245 1438 2292 recipit
1465 2246 1608 2282 diversa
1628 2246 1674 2282 si-

491 2317 575 2354 gna,
603 2309 639 2342 et
665 2305 766 2341 dicit:
787 2316 809 2340 a
835 2317 898 2341 sno
918 2308 1034 2351 modo,
1057 2306 1159 2352 idest,
1179 2317 1246 2342 suo
1269 2305 1532 2342 moderamine.
1554 2307 1595 2341 Et
1617 2306 1674 2342 hic
