<?xml version="1.0" encoding="UTF-8"?>
<!DOCTYPE html PUBLIC "-//W3C//DTD XHTML 1.0 Transitional//EN"
    "http://www.w3.org/TR/xhtml1/DTD/xhtml1-transitional.dtd">
<html xmlns="http://www.w3.org/1999/xhtml" xml:lang="en" lang="en">
 <head>
  <title>
</title>
<meta http-equiv="Content-Type" content="text/html;charset=utf-8" />
  <meta name='ocr-system' content='tesseract 3.04.00' />
  <meta name='ocr-capabilities' content='ocr_page ocr_carea ocr_par ocr_line ocrx_word'/>
</head>
<body>
  <div class='ocr_page' id='page_1' title='image "./comentumsuperdan04benvuoft_0441.png"; bbox 0 0 1737 2836; ppageno 0'>
   <div class='ocr_carea' id='block_1_1' title="bbox 499 247 1233 278">
    <p class='ocr_par' dir='ltr' id='par_1_1' title="bbox 499 247 1233 278">
     <span class='ocr_line' id='line_1_1' title="bbox 499 247 1233 278; baseline 0.001 -1"><span class='ocrx_word' id='word_1_1' title='bbox 499 253 635 278; x_wconf 54' lang='lat' dir='ltr'>cimus</span> <span class='ocrx_word' id='word_1_2' title='bbox 661 253 804 278; x_wconf 72' lang='lat' dir='ltr'>sssxTus.</span> <span class='ocrx_word' id='word_1_3' title='bbox 1167 247 1233 278; x_wconf 80' lang='lat'>421</span> 
     </span>
    </p>
   </div>
   <div class='ocr_carea' id='block_1_2' title="bbox 64 324 1239 2227">
    <p class='ocr_par' dir='ltr' id='par_1_2' title="bbox 64 324 1239 2227">
     <span class='ocr_line' id='line_1_2' title="bbox 65 324 1237 370; baseline -0.002 -10"><span class='ocrx_word' id='word_1_4' title='bbox 65 325 239 361; x_wconf 86' lang='lat' dir='ltr'>stinianus</span> <span class='ocrx_word' id='word_1_5' title='bbox 265 324 433 360; x_wconf 79' lang='lat' dir='ltr'>describit</span> <span class='ocrx_word' id='word_1_6' title='bbox 460 335 564 359; x_wconf 87' lang='lat' dir='ltr'>suam</span> <span class='ocrx_word' id='word_1_7' title='bbox 587 325 856 370; x_wconf 80' lang='lat' dir='ltr'>dispositionem</span> <span class='ocrx_word' id='word_1_8' title='bbox 875 324 920 360; x_wconf 84' lang='lat' dir='ltr'>ad</span> <span class='ocrx_word' id='word_1_9' title='bbox 940 324 1038 370; x_wconf 88' lang='lat' dir='ltr'>leges</span> <span class='ocrx_word' id='word_1_10' title='bbox 1057 334 1121 370; x_wconf 89' lang='lat' dir='ltr'>per</span> <span class='ocrx_word' id='word_1_11' title='bbox 1140 334 1179 359; x_wconf 90' lang='lat' dir='ltr'>se</span> <span class='ocrx_word' id='word_1_12' title='bbox 1203 327 1237 360; x_wconf 88' lang='lat' dir='ltr'>et</span> 
     </span>
     <span class='ocr_line' id='line_1_3' title="bbox 64 384 1237 431; baseline 0 -11"><span class='ocrx_word' id='word_1_13' title='bbox 64 385 109 420; x_wconf 89' lang='lat' dir='ltr'>ad</span> <span class='ocrx_word' id='word_1_14' title='bbox 132 385 224 420; x_wconf 89' lang='lat' dir='ltr'>bella</span> <span class='ocrx_word' id='word_1_15' title='bbox 244 395 308 431; x_wconf 90' lang='lat' dir='ltr'>per</span> <span class='ocrx_word' id='word_1_16' title='bbox 327 384 450 419; x_wconf 91' lang='lat' dir='ltr'>alium.</span> <span class='ocrx_word' id='word_1_17' title='bbox 470 384 512 418; x_wconf 89' lang='lat' dir='ltr'>Et</span> <span class='ocrx_word' id='word_1_18' title='bbox 535 395 600 430; x_wconf 90' lang='lat' dir='ltr'>pro</span> <span class='ocrx_word' id='word_1_19' title='bbox 628 385 741 420; x_wconf 79' lang='lat' dir='ltr'>literae</span> <span class='ocrx_word' id='word_1_20' title='bbox 768 384 1011 420; x_wconf 77' lang='lat' dir='ltr'>declaratione</span> <span class='ocrx_word' id='word_1_21' title='bbox 1039 388 1092 420; x_wconf 90' lang='lat' dir='ltr'>est</span> <span class='ocrx_word' id='word_1_22' title='bbox 1119 385 1237 430; x_wconf 88' lang='lat' dir='ltr'>primo</span> 
     </span>
     <span class='ocr_line' id='line_1_4' title="bbox 65 445 1237 491; baseline 0 -12"><span class='ocrx_word' id='word_1_23' title='bbox 65 445 251 480; x_wconf 85' lang='lat' dir='ltr'>sciendum</span> <span class='ocrx_word' id='word_1_24' title='bbox 292 445 389 490; x_wconf 89' lang='lat' dir='ltr'>quod</span> <span class='ocrx_word' id='word_1_25' title='bbox 422 445 629 480; x_wconf 85' lang='lat' dir='ltr'>Bellisarins</span> <span class='ocrx_word' id='word_1_26' title='bbox 665 445 719 480; x_wconf 68' lang='lat' dir='ltr'>vir</span> <span class='ocrx_word' id='word_1_27' title='bbox 755 445 927 491; x_wconf 85' lang='lat' dir='ltr'>patricius</span> <span class='ocrx_word' id='word_1_28' title='bbox 963 445 1237 480; x_wconf 77' lang='lat' dir='ltr'>strenuissimus</span> 
     </span>
     <span class='ocr_line' id='line_1_5' title="bbox 65 505 1236 552; baseline 0 -13"><span class='ocrx_word' id='word_1_29' title='bbox 65 506 180 540; x_wconf 89' lang='lat' dir='ltr'>multa</span> <span class='ocrx_word' id='word_1_30' title='bbox 199 509 235 540; x_wconf 90' lang='lat' dir='ltr'>et</span> <span class='ocrx_word' id='word_1_31' title='bbox 254 516 384 552; x_wconf 85' lang='lat' dir='ltr'>magna</span> <span class='ocrx_word' id='word_1_32' title='bbox 399 505 491 541; x_wconf 85' lang='lat' dir='ltr'>bella</span> <span class='ocrx_word' id='word_1_33' title='bbox 511 505 712 541; x_wconf 77' lang='lat' dir='ltr'>felicissime</span> <span class='ocrx_word' id='word_1_34' title='bbox 727 505 854 551; x_wconf 78' lang='lat' dir='ltr'>gessit3</span> <span class='ocrx_word' id='word_1_35' title='bbox 871 505 931 540; x_wconf 80' lang='lat' dir='ltr'>sed</span> <span class='ocrx_word' id='word_1_36' title='bbox 949 505 1132 550; x_wconf 79' lang='lat' dir='ltr'>potissime</span> <span class='ocrx_word' id='word_1_37' title='bbox 1157 505 1236 550; x_wconf 80' lang='lat' dir='ltr'>tria,</span> 
     </span>
     <span class='ocr_line' id='line_1_6' title="bbox 65 564 1236 611; baseline 0 -11"><span class='ocrx_word' id='word_1_38' title='bbox 65 565 199 601; x_wconf 84' lang='lat' dir='ltr'>scilicet</span> <span class='ocrx_word' id='word_1_39' title='bbox 218 565 252 600; x_wconf 93' lang='lat' dir='ltr'>in</span> <span class='ocrx_word' id='word_1_40' title='bbox 272 565 352 601; x_wconf 79' lang='lat' dir='ltr'>Asia</span> <span class='ocrx_word' id='word_1_41' title='bbox 380 568 506 600; x_wconf 87' lang='lat' dir='ltr'>contra</span> <span class='ocrx_word' id='word_1_42' title='bbox 532 575 667 611; x_wconf 85' lang='lat' dir='ltr'>persas,</span> <span class='ocrx_word' id='word_1_43' title='bbox 687 564 723 599; x_wconf 91' lang='lat' dir='ltr'>in</span> <span class='ocrx_word' id='word_1_44' title='bbox 750 564 868 600; x_wconf 80' lang='lat' dir='ltr'>Africa</span> <span class='ocrx_word' id='word_1_45' title='bbox 896 568 1021 599; x_wconf 83' lang='lat' dir='ltr'>contra</span> <span class='ocrx_word' id='word_1_46' title='bbox 1052 565 1236 610; x_wconf 70' lang='lat' dir='ltr'>vandalos,</span> 
     </span>
     <span class='ocr_line' id='line_1_7' title="bbox 66 624 1237 671; baseline 0.001 -12"><span class='ocrx_word' id='word_1_47' title='bbox 66 625 101 659; x_wconf 95' lang='lat' dir='ltr'>in</span> <span class='ocrx_word' id='word_1_48' title='bbox 120 625 265 671; x_wconf 80' lang='lat' dir='ltr'>Europa</span> <span class='ocrx_word' id='word_1_49' title='bbox 284 628 410 660; x_wconf 86' lang='lat' dir='ltr'>contra</span> <span class='ocrx_word' id='word_1_50' title='bbox 432 625 570 671; x_wconf 81' lang='lat' dir='ltr'>gothos.</span> <span class='ocrx_word' id='word_1_51' title='bbox 591 625 714 659; x_wconf 88' lang='lat' dir='ltr'>Primo</span> <span class='ocrx_word' id='word_1_52' title='bbox 734 634 823 671; x_wconf 86' lang='lat' dir='ltr'>ergo</span> <span class='ocrx_word' id='word_1_53' title='bbox 845 624 975 659; x_wconf 85' lang='lat' dir='ltr'>missus</span> <span class='ocrx_word' id='word_1_54' title='bbox 995 635 1016 659; x_wconf 87' lang='lat' dir='ltr'>a</span> <span class='ocrx_word' id='word_1_55' title='bbox 1035 625 1237 660; x_wconf 87' lang='lat' dir='ltr'>Justiniano</span> 
     </span>
     <span class='ocr_line' id='line_1_8' title="bbox 66 683 1236 730; baseline -0.001 -10"><span class='ocrx_word' id='word_1_56' title='bbox 66 688 192 720; x_wconf 86' lang='lat' dir='ltr'>contra</span> <span class='ocrx_word' id='word_1_57' title='bbox 212 695 347 730; x_wconf 80' lang='lat' dir='ltr'>persas,</span> <span class='ocrx_word' id='word_1_58' title='bbox 363 684 423 729; x_wconf 89' lang='lat' dir='ltr'>qui</span> <span class='ocrx_word' id='word_1_59' title='bbox 440 684 656 720; x_wconf 77' lang='lat' dir='ltr'>excedentes</span> <span class='ocrx_word' id='word_1_60' title='bbox 676 683 850 719; x_wconf 85' lang='lat' dir='ltr'>terminos</span> <span class='ocrx_word' id='word_1_61' title='bbox 865 684 1026 730; x_wconf 80' lang='lat' dir='ltr'>graviter</span> <span class='ocrx_word' id='word_1_62' title='bbox 1046 685 1236 719; x_wconf 81' lang='lat' dir='ltr'>vastabant</span> 
     </span>
     <span class='ocr_line' id='line_1_9' title="bbox 67 743 1238 790; baseline -0.001 -11"><span class='ocrx_word' id='word_1_63' title='bbox 67 744 269 790; x_wconf 81' lang='lat' dir='ltr'>provincias</span> <span class='ocrx_word' id='word_1_64' title='bbox 294 744 433 779; x_wconf 88' lang='lat' dir='ltr'>romani</span> <span class='ocrx_word' id='word_1_65' title='bbox 462 744 618 790; x_wconf 84' lang='lat' dir='ltr'>imperii:</span> <span class='ocrx_word' id='word_1_66' title='bbox 639 743 705 778; x_wconf 88' lang='lat' dir='ltr'>illis</span> <span class='ocrx_word' id='word_1_67' title='bbox 727 743 876 779; x_wconf 82' lang='lat' dir='ltr'>feliciter</span> <span class='ocrx_word' id='word_1_68' title='bbox 899 743 1084 778; x_wconf 79' lang='lat' dir='ltr'>debellatis</span> <span class='ocrx_word' id='word_1_69' title='bbox 1107 743 1151 779; x_wconf 85' lang='lat' dir='ltr'>de</span> <span class='ocrx_word' id='word_1_70' title='bbox 1174 753 1238 778; x_wconf 85' lang='lat' dir='ltr'>vo-</span> 
     </span>
     <span class='ocr_line' id='line_1_10' title="bbox 66 803 1235 850; baseline 0 -12"><span class='ocrx_word' id='word_1_71' title='bbox 66 804 203 839; x_wconf 90' lang='lat' dir='ltr'>luntate</span> <span class='ocrx_word' id='word_1_72' title='bbox 235 805 402 850; x_wconf 85' lang='lat' dir='ltr'>principis</span> <span class='ocrx_word' id='word_1_73' title='bbox 434 803 781 849; x_wconf 74' lang='lat' dir='ltr'>Constantinopolim</span> <span class='ocrx_word' id='word_1_74' title='bbox 818 803 1046 848; x_wconf 79' lang='lat' dir='ltr'>triumphans</span> <span class='ocrx_word' id='word_1_75' title='bbox 1078 803 1235 838; x_wconf 89' lang='lat' dir='ltr'>intravit.</span> 
     </span>
     <span class='ocr_line' id='line_1_11' title="bbox 65 861 1237 909; baseline -0.001 -10"><span class='ocrx_word' id='word_1_76' title='bbox 65 865 201 900; x_wconf 88' lang='lat' dir='ltr'>Deinde</span> <span class='ocrx_word' id='word_1_77' title='bbox 218 861 251 909; x_wconf 49' lang='grc' dir='ltr'>ς’)</span> <span class='ocrx_word' id='word_1_78' title='bbox 284 865 413 900; x_wconf 84' lang='lat' dir='ltr'>missus</span> <span class='ocrx_word' id='word_1_79' title='bbox 441 865 475 899; x_wconf 87' lang='lat' dir='ltr'>in</span> <span class='ocrx_word' id='word_1_80' title='bbox 504 864 661 899; x_wconf 78' lang='lat' dir='ltr'>Africam</span> <span class='ocrx_word' id='word_1_81' title='bbox 690 867 815 899; x_wconf 88' lang='lat' dir='ltr'>contra</span> <span class='ocrx_word' id='word_1_82' title='bbox 845 863 1015 898; x_wconf 69' lang='lat' dir='ltr'>vandalos</span> <span class='ocrx_word' id='word_1_83' title='bbox 1042 864 1237 898; x_wconf 88' lang='lat' dir='ltr'>commisso</span> 
     </span>
     <span class='ocr_line' id='line_1_12' title="bbox 65 924 1235 972; baseline -0.002 -12"><span class='ocrx_word' id='word_1_84' title='bbox 65 926 194 972; x_wconf 74' lang='lat' dir='ltr'>proelio</span> <span class='ocrx_word' id='word_1_85' title='bbox 232 936 383 971; x_wconf 83' lang='lat' dir='ltr'>magnas</span> <span class='ocrx_word' id='word_1_86' title='bbox 419 925 540 970; x_wconf 90' lang='lat' dir='ltr'>copias</span> <span class='ocrx_word' id='word_1_87' title='bbox 575 934 706 960; x_wconf 90' lang='lat' dir='ltr'>eorum</span> <span class='ocrx_word' id='word_1_88' title='bbox 739 924 833 968; x_wconf 68' lang='lat' dir='ltr'>vicit,</span> <span class='ocrx_word' id='word_1_89' title='bbox 866 928 901 959; x_wconf 88' lang='lat' dir='ltr'>et</span> <span class='ocrx_word' id='word_1_90' title='bbox 941 933 1065 970; x_wconf 81' lang='lat' dir='ltr'>regem</span> <span class='ocrx_word' id='word_1_91' title='bbox 1107 934 1235 959; x_wconf 90' lang='lat' dir='ltr'>eorum</span> 
     </span>
     <span class='ocr_line' id='line_1_13' title="bbox 67 983 1234 1030; baseline -0.003 -8"><span class='ocrx_word' id='word_1_92' title='bbox 67 987 215 1022; x_wconf 91' lang='lat' dir='ltr'>nomine</span> <span class='ocrx_word' id='word_1_93' title='bbox 251 986 495 1021; x_wconf 88' lang='lat' dir='ltr'>Gelismerum</span> <span class='ocrx_word' id='word_1_94' title='bbox 536 985 660 1019; x_wconf 66' lang='lat' dir='ltr'>vivum</span> <span class='ocrx_word' id='word_1_95' title='bbox 702 988 847 1030; x_wconf 86' lang='lat' dir='ltr'>captum</span> <span class='ocrx_word' id='word_1_96' title='bbox 890 983 1234 1029; x_wconf 73' lang='lat' dir='ltr'>Constantinopolim</span> 
     </span>
     <span class='ocr_line' id='line_1_14' title="bbox 66 1044 1235 1091; baseline -0.001 -10"><span class='ocrx_word' id='word_1_97' title='bbox 66 1047 160 1081; x_wconf 89' lang='lat' dir='ltr'>misit</span> <span class='ocrx_word' id='word_1_98' title='bbox 187 1047 231 1081; x_wconf 86' lang='lat' dir='ltr'>ad</span> <span class='ocrx_word' id='word_1_99' title='bbox 258 1047 530 1091; x_wconf 74' lang='lat' dir='ltr'>imperatorem.</span> <span class='ocrx_word' id='word_1_100' title='bbox 559 1044 614 1080; x_wconf 89' lang='lat' dir='ltr'>Sic</span> <span class='ocrx_word' id='word_1_101' title='bbox 642 1044 824 1090; x_wconf 76' lang='lat' dir='ltr'>Carthago</span> <span class='ocrx_word' id='word_1_102' title='bbox 846 1048 925 1089; x_wconf 75' lang='lat' dir='ltr'>post</span> <span class='ocrx_word' id='word_1_103' title='bbox 952 1055 1088 1078; x_wconf 82' lang='lat' dir='ltr'>annum</span> <span class='ocrx_word' id='word_1_104' title='bbox 1120 1055 1235 1080; x_wconf 87' lang='lat' dir='ltr'>nona-</span> 
     </span>
     <span class='ocr_line' id='line_1_15' title="bbox 67 1103 1235 1152; baseline -0.003 -11"><span class='ocrx_word' id='word_1_105' title='bbox 67 1106 248 1152; x_wconf 85' lang='lat' dir='ltr'>gesimum</span> <span class='ocrx_word' id='word_1_106' title='bbox 277 1110 422 1141; x_wconf 68' lang='lat' dir='ltr'>sextum</span> <span class='ocrx_word' id='word_1_107' title='bbox 452 1108 642 1151; x_wconf 76' lang='lat' dir='ltr'>postquam</span> <span class='ocrx_word' id='word_1_108' title='bbox 671 1114 691 1138; x_wconf 90' lang='lat' dir='ltr'>a</span> <span class='ocrx_word' id='word_1_109' title='bbox 714 1103 874 1138; x_wconf 71' lang='lat' dir='ltr'>vandalis</span> <span class='ocrx_word' id='word_1_110' title='bbox 899 1107 1002 1149; x_wconf 85' lang='lat' dir='ltr'>capta</span> <span class='ocrx_word' id='word_1_111' title='bbox 1025 1104 1144 1139; x_wconf 75' lang='lat' dir='ltr'>suerat</span> <span class='ocrx_word' id='word_1_112' title='bbox 1172 1114 1235 1150; x_wconf 89' lang='lat' dir='ltr'>per</span> 
     </span>
     <span class='ocr_line' id='line_1_16' title="bbox 69 1163 1233 1212; baseline -0.002 -11"><span class='ocrx_word' id='word_1_113' title='bbox 69 1176 192 1212; x_wconf 82' lang='lat' dir='ltr'>regem</span> <span class='ocrx_word' id='word_1_114' title='bbox 221 1165 472 1209; x_wconf 75' lang='lat' dir='ltr'>Gensericnm,</span> <span class='ocrx_word' id='word_1_115' title='bbox 494 1167 638 1209; x_wconf 89' lang='lat' dir='ltr'>recepta</span> <span class='ocrx_word' id='word_1_116' title='bbox 666 1166 717 1199; x_wconf 84' lang='lat' dir='ltr'>est</span> <span class='ocrx_word' id='word_1_117' title='bbox 745 1163 791 1198; x_wconf 82' lang='lat' dir='ltr'>al)</span> <span class='ocrx_word' id='word_1_118' title='bbox 820 1163 1040 1208; x_wconf 78' lang='lat' dir='ltr'>imperatore</span> <span class='ocrx_word' id='word_1_119' title='bbox 1069 1174 1233 1199; x_wconf 87' lang='lat' dir='ltr'>romano.</span> 
     </span>
     <span class='ocr_line' id='line_1_17' title="bbox 66 1223 1237 1270; baseline -0.002 -9"><span class='ocrx_word' id='word_1_120' title='bbox 66 1227 148 1262; x_wconf 87' lang='lat' dir='ltr'>Post</span> <span class='ocrx_word' id='word_1_121' title='bbox 169 1226 243 1260; x_wconf 74' lang='lat' dir='ltr'>liaec</span> <span class='ocrx_word' id='word_1_122' title='bbox 264 1225 486 1260; x_wconf 69' lang='lat' dir='ltr'>justinianus</span> <span class='ocrx_word' id='word_1_123' title='bbox 507 1224 601 1258; x_wconf 80' lang='lat' dir='ltr'>misit</span> <span class='ocrx_word' id='word_1_124' title='bbox 620 1223 847 1259; x_wconf 85' lang='lat' dir='ltr'>Bellisarium</span> <span class='ocrx_word' id='word_1_125' title='bbox 868 1223 990 1258; x_wconf 83' lang='lat' dir='ltr'>multis</span> <span class='ocrx_word' id='word_1_126' title='bbox 1010 1224 1142 1269; x_wconf 69' lang='lat' dir='ltr'>proeliis</span> <span class='ocrx_word' id='word_1_127' title='bbox 1158 1224 1237 1270; x_wconf 90' lang='lat' dir='ltr'>glo-</span> 
     </span>
     <span class='ocr_line' id='line_1_18' title="bbox 67 1283 1238 1329; baseline -0.003 -9"><span class='ocrx_word' id='word_1_128' title='bbox 67 1286 205 1320; x_wconf 86' lang='lat' dir='ltr'>riosum</span> <span class='ocrx_word' id='word_1_129' title='bbox 232 1288 358 1319; x_wconf 88' lang='lat' dir='ltr'>contra</span> <span class='ocrx_word' id='word_1_130' title='bbox 385 1283 611 1319; x_wconf 82' lang='lat' dir='ltr'>Tlicodatnm</span> <span class='ocrx_word' id='word_1_131' title='bbox 648 1286 685 1317; x_wconf 85' lang='lat' dir='ltr'>ut</span> <span class='ocrx_word' id='word_1_132' title='bbox 719 1283 855 1318; x_wconf 82' lang='lat' dir='ltr'>ltaliam</span> <span class='ocrx_word' id='word_1_133' title='bbox 887 1294 908 1318; x_wconf 88' lang='lat' dir='ltr'>a</span> <span class='ocrx_word' id='word_1_134' title='bbox 935 1284 1131 1329; x_wconf 72' lang='lat' dir='ltr'>gothorum</span> <span class='ocrx_word' id='word_1_135' title='bbox 1160 1293 1238 1318; x_wconf 89' lang='lat' dir='ltr'>ser-</span> 
     </span>
     <span class='ocr_line' id='line_1_19' title="bbox 67 1343 1237 1388; baseline -0.003 -8"><span class='ocrx_word' id='word_1_136' title='bbox 67 1345 152 1380; x_wconf 85' lang='lat' dir='ltr'>vitio</span> <span class='ocrx_word' id='word_1_137' title='bbox 174 1344 361 1379; x_wconf 83' lang='lat' dir='ltr'>liberaret:</span> <span class='ocrx_word' id='word_1_138' title='bbox 391 1343 452 1388; x_wconf 89' lang='lat' dir='ltr'>qni</span> <span class='ocrx_word' id='word_1_139' title='bbox 472 1354 556 1378; x_wconf 86' lang='lat' dir='ltr'>cum</span> <span class='ocrx_word' id='word_1_140' title='bbox 578 1343 739 1378; x_wconf 82' lang='lat' dir='ltr'>traheret</span> <span class='ocrx_word' id='word_1_141' title='bbox 763 1353 904 1378; x_wconf 85' lang='lat' dir='ltr'>moram</span> <span class='ocrx_word' id='word_1_142' title='bbox 926 1343 960 1377; x_wconf 90' lang='lat' dir='ltr'>in</span> <span class='ocrx_word' id='word_1_143' title='bbox 980 1343 1095 1378; x_wconf 77' lang='lat' dir='ltr'>Sicilia</span> <span class='ocrx_word' id='word_1_144' title='bbox 1119 1344 1237 1378; x_wconf 84' lang='lat' dir='ltr'>Theo-</span> 
     </span>
     <span class='ocr_line' id='line_1_20' title="bbox 65 1403 1237 1449; baseline -0.002 -10"><span class='ocrx_word' id='word_1_145' title='bbox 65 1405 172 1440; x_wconf 89' lang='lat' dir='ltr'>datus</span> <span class='ocrx_word' id='word_1_146' title='bbox 200 1407 368 1439; x_wconf 86' lang='lat' dir='ltr'>mortuns</span> <span class='ocrx_word' id='word_1_147' title='bbox 395 1406 467 1448; x_wconf 79' lang='lat' dir='ltr'>est;</span> <span class='ocrx_word' id='word_1_148' title='bbox 496 1403 531 1438; x_wconf 92' lang='lat' dir='ltr'>in</span> <span class='ocrx_word' id='word_1_149' title='bbox 563 1403 666 1438; x_wconf 90' lang='lat' dir='ltr'>cnins</span> <span class='ocrx_word' id='word_1_150' title='bbox 698 1403 819 1438; x_wconf 88' lang='lat' dir='ltr'>locum</span> <span class='ocrx_word' id='word_1_151' title='bbox 840 1403 963 1449; x_wconf 69' lang='lat' dir='ltr'>Yitigis</span> <span class='ocrx_word' id='word_1_152' title='bbox 989 1403 1172 1448; x_wconf 75' lang='lat' dir='ltr'>successit,</span> <span class='ocrx_word' id='word_1_153' title='bbox 1201 1406 1237 1438; x_wconf 92' lang='lat' dir='ltr'>et</span> 
     </span>
     <span class='ocr_line' id='line_1_21' title="bbox 65 1463 1234 1509; baseline -0.002 -10"><span class='ocrx_word' id='word_1_154' title='bbox 65 1465 238 1499; x_wconf 88' lang='lat' dir='ltr'>continuo</span> <span class='ocrx_word' id='word_1_155' title='bbox 265 1467 414 1509; x_wconf 81' lang='lat' dir='ltr'>accepto</span> <span class='ocrx_word' id='word_1_156' title='bbox 442 1473 555 1509; x_wconf 81' lang='lat' dir='ltr'>regno</span> <span class='ocrx_word' id='word_1_157' title='bbox 584 1464 795 1498; x_wconf 73' lang='lat' dir='ltr'>Ravennam</span> <span class='ocrx_word' id='word_1_158' title='bbox 824 1463 941 1498; x_wconf 77' lang='lat' dir='ltr'>venit:</span> <span class='ocrx_word' id='word_1_159' title='bbox 970 1467 1095 1498; x_wconf 87' lang='lat' dir='ltr'>contra</span> <span class='ocrx_word' id='word_1_160' title='bbox 1124 1473 1234 1508; x_wconf 88' lang='lat' dir='ltr'>quem</span> 
     </span>
     <span class='ocr_line' id='line_1_22' title="bbox 67 1522 1234 1568; baseline -0.001 -10"><span class='ocrx_word' id='word_1_161' title='bbox 67 1524 273 1560; x_wconf 85' lang='lat' dir='ltr'>Bellisarius</span> <span class='ocrx_word' id='word_1_162' title='bbox 301 1523 478 1558; x_wconf 75' lang='lat' dir='ltr'>convertit</span> <span class='ocrx_word' id='word_1_163' title='bbox 507 1523 612 1567; x_wconf 78' lang='lat' dir='ltr'>vires,</span> <span class='ocrx_word' id='word_1_164' title='bbox 641 1526 677 1558; x_wconf 92' lang='lat' dir='ltr'>et</span> <span class='ocrx_word' id='word_1_165' title='bbox 703 1523 747 1558; x_wconf 89' lang='lat' dir='ltr'>de</span> <span class='ocrx_word' id='word_1_166' title='bbox 774 1523 891 1558; x_wconf 80' lang='lat' dir='ltr'>Sicilia</span> <span class='ocrx_word' id='word_1_167' title='bbox 925 1523 1019 1558; x_wconf 69' lang='lat' dir='ltr'>venit</span> <span class='ocrx_word' id='word_1_168' title='bbox 1048 1522 1234 1568; x_wconf 77' lang='lat' dir='ltr'>Neapolim</span> 
     </span>
     <span class='ocr_line' id='line_1_23' title="bbox 68 1582 1236 1629; baseline -0.002 -11"><span class='ocrx_word' id='word_1_169' title='bbox 68 1586 312 1629; x_wconf 81' lang='lat' dir='ltr'>receptantem</span> <span class='ocrx_word' id='word_1_170' title='bbox 333 1583 474 1629; x_wconf 78' lang='lat' dir='ltr'>gothos,</span> <span class='ocrx_word' id='word_1_171' title='bbox 497 1585 533 1617; x_wconf 85' lang='lat' dir='ltr'>et</span> <span class='ocrx_word' id='word_1_172' title='bbox 555 1582 652 1616; x_wconf 83' lang='lat' dir='ltr'>illam</span> <span class='ocrx_word' id='word_1_173' title='bbox 672 1582 854 1617; x_wconf 69' lang='lat' dir='ltr'>civitatem</span> <span class='ocrx_word' id='word_1_174' title='bbox 877 1582 1016 1628; x_wconf 83' lang='lat' dir='ltr'>magnis</span> <span class='ocrx_word' id='word_1_175' title='bbox 1039 1582 1176 1617; x_wconf 62' lang='lat' dir='ltr'>viribus</span> <span class='ocrx_word' id='word_1_176' title='bbox 1203 1582 1236 1616; x_wconf 88' lang='lat' dir='ltr'>in</span> 
     </span>
     <span class='ocr_line' id='line_1_24' title="bbox 67 1641 1238 1690; baseline -0.002 -12"><span class='ocrx_word' id='word_1_177' title='bbox 67 1654 200 1690; x_wconf 84' lang='lat' dir='ltr'>magno</span> <span class='ocrx_word' id='word_1_178' title='bbox 228 1643 352 1677; x_wconf 87' lang='lat' dir='ltr'>surore</span> <span class='ocrx_word' id='word_1_179' title='bbox 378 1642 470 1688; x_wconf 82' lang='lat' dir='ltr'>cepit</span> <span class='ocrx_word' id='word_1_180' title='bbox 497 1652 582 1677; x_wconf 89' lang='lat' dir='ltr'>cum</span> <span class='ocrx_word' id='word_1_181' title='bbox 610 1642 709 1677; x_wconf 91' lang='lat' dir='ltr'>omni</span> <span class='ocrx_word' id='word_1_182' title='bbox 736 1652 874 1688; x_wconf 86' lang='lat' dir='ltr'>genere</span> <span class='ocrx_word' id='word_1_183' title='bbox 895 1641 1133 1677; x_wconf 80' lang='lat' dir='ltr'>crudelitatis:</span> <span class='ocrx_word' id='word_1_184' title='bbox 1155 1641 1238 1677; x_wconf 88' lang='lat' dir='ltr'>inde</span> 
     </span>
     <span class='ocr_line' id='line_1_25' title="bbox 67 1701 1238 1748; baseline -0.001 -10"><span class='ocrx_word' id='word_1_185' title='bbox 67 1703 214 1739; x_wconf 80' lang='lat' dir='ltr'>veniens</span> <span class='ocrx_word' id='word_1_186' title='bbox 232 1703 387 1737; x_wconf 85' lang='lat' dir='ltr'>Romam</span> <span class='ocrx_word' id='word_1_187' title='bbox 416 1702 512 1736; x_wconf 86' lang='lat' dir='ltr'>illam</span> <span class='ocrx_word' id='word_1_188' title='bbox 542 1701 689 1736; x_wconf 69' lang='lat' dir='ltr'>intravit</span> <span class='ocrx_word' id='word_1_189' title='bbox 708 1701 826 1748; x_wconf 83' lang='lat' dir='ltr'>gothis</span> <span class='ocrx_word' id='word_1_190' title='bbox 845 1701 1067 1748; x_wconf 81' lang='lat' dir='ltr'>fugientibus</span> <span class='ocrx_word' id='word_1_191' title='bbox 1092 1702 1238 1737; x_wconf 76' lang='lat' dir='ltr'>Raven-</span> 
     </span>
     <span class='ocr_line' id='line_1_26' title="bbox 68 1761 1239 1808; baseline -0.001 -11"><span class='ocrx_word' id='word_1_192' title='bbox 68 1773 162 1797; x_wconf 90' lang='lat' dir='ltr'>nam.</span> <span class='ocrx_word' id='word_1_193' title='bbox 191 1762 233 1796; x_wconf 83' lang='lat' dir='ltr'>Et</span> <span class='ocrx_word' id='word_1_194' title='bbox 265 1761 437 1796; x_wconf 86' lang='lat' dir='ltr'>continno</span> <span class='ocrx_word' id='word_1_195' title='bbox 466 1761 589 1807; x_wconf 81' lang='lat' dir='ltr'>Vitigis</span> <span class='ocrx_word' id='word_1_196' title='bbox 615 1772 699 1796; x_wconf 89' lang='lat' dir='ltr'>cum</span> <span class='ocrx_word' id='word_1_197' title='bbox 734 1772 867 1808; x_wconf 85' lang='lat' dir='ltr'>magno</span> <span class='ocrx_word' id='word_1_198' title='bbox 899 1761 1061 1797; x_wconf 80' lang='lat' dir='ltr'>exercitu</span> <span class='ocrx_word' id='word_1_199' title='bbox 1099 1761 1239 1797; x_wconf 85' lang='lat' dir='ltr'>obsedit</span> 
     </span>
     <span class='ocr_line' id='line_1_27' title="bbox 68 1820 1239 1857; baseline -0.001 0"><span class='ocrx_word' id='word_1_200' title='bbox 68 1821 293 1857; x_wconf 65' lang='lat' dir='ltr'>Bellis-arium</span> <span class='ocrx_word' id='word_1_201' title='bbox 334 1821 427 1855; x_wconf 89' lang='lat' dir='ltr'>intra</span> <span class='ocrx_word' id='word_1_202' title='bbox 467 1820 597 1856; x_wconf 88' lang='lat' dir='ltr'>urbem</span> <span class='ocrx_word' id='word_1_203' title='bbox 638 1825 742 1856; x_wconf 82' lang='lat' dir='ltr'>extra</span> <span class='ocrx_word' id='word_1_204' title='bbox 783 1822 978 1857; x_wconf 78' lang='lat' dir='ltr'>crudeliter</span> <span class='ocrx_word' id='word_1_205' title='bbox 1014 1822 1136 1857; x_wconf 88' lang='lat' dir='ltr'>omnia</span> <span class='ocrx_word' id='word_1_206' title='bbox 1175 1833 1239 1857; x_wconf 85' lang='lat' dir='ltr'>va-</span> 
     </span>
     <span class='ocr_line' id='line_1_28' title="bbox 67 1881 1237 1928; baseline 0 -11"><span class='ocrx_word' id='word_1_207' title='bbox 67 1886 164 1917; x_wconf 88' lang='lat' dir='ltr'>stans</span> <span class='ocrx_word' id='word_1_208' title='bbox 197 1884 233 1916; x_wconf 91' lang='lat' dir='ltr'>et</span> <span class='ocrx_word' id='word_1_209' title='bbox 269 1884 346 1927; x_wconf 88' lang='lat' dir='ltr'>post</span> <span class='ocrx_word' id='word_1_210' title='bbox 380 1891 518 1915; x_wconf 88' lang='lat' dir='ltr'>annum</span> <span class='ocrx_word' id='word_1_211' title='bbox 553 1881 656 1916; x_wconf 84' lang='lat' dir='ltr'>rediit</span> <span class='ocrx_word' id='word_1_212' title='bbox 689 1882 913 1927; x_wconf 79' lang='lat' dir='ltr'>Ravennam,</span> <span class='ocrx_word' id='word_1_213' title='bbox 943 1885 977 1917; x_wconf 85' lang='lat' dir='ltr'>et</span> <span class='ocrx_word' id='word_1_214' title='bbox 1013 1886 1237 1928; x_wconf 83' lang='lat' dir='ltr'>congregato</span> 
     </span>
     <span class='ocr_line' id='line_1_29' title="bbox 68 1940 1236 1988; baseline 0.001 -12"><span class='ocrx_word' id='word_1_215' title='bbox 68 1952 201 1988; x_wconf 82' lang='lat' dir='ltr'>magno</span> <span class='ocrx_word' id='word_1_216' title='bbox 229 1940 391 1977; x_wconf 80' lang='lat' dir='ltr'>exercitu</span> <span class='ocrx_word' id='word_1_217' title='bbox 419 1940 578 1975; x_wconf 75' lang='lat' dir='ltr'>conflixit</span> <span class='ocrx_word' id='word_1_218' title='bbox 605 1952 689 1976; x_wconf 89' lang='lat' dir='ltr'>cnm</span> <span class='ocrx_word' id='word_1_219' title='bbox 709 1942 906 1987; x_wconf 74' lang='lat' dir='ltr'>Bellisario,</span> <span class='ocrx_word' id='word_1_220' title='bbox 926 1942 988 1977; x_wconf 87' lang='lat' dir='ltr'>sed</span> <span class='ocrx_word' id='word_1_221' title='bbox 1017 1942 1133 1977; x_wconf 78' lang='lat' dir='ltr'>victus</span> <span class='ocrx_word' id='word_1_222' title='bbox 1151 1953 1236 1978; x_wconf 86' lang='lat' dir='ltr'>cum</span> 
     </span>
     <span class='ocr_line' id='line_1_30' title="bbox 68 1998 1236 2048; baseline 0.001 -12"><span class='ocrx_word' id='word_1_223' title='bbox 68 2012 200 2048; x_wconf 87' lang='lat' dir='ltr'>magna</span> <span class='ocrx_word' id='word_1_224' title='bbox 227 2004 349 2047; x_wconf 85' lang='lat' dir='ltr'>strage</span> <span class='ocrx_word' id='word_1_225' title='bbox 376 2011 528 2035; x_wconf 87' lang='lat' dir='ltr'>suornm</span> <span class='ocrx_word' id='word_1_226' title='bbox 558 2000 699 2046; x_wconf 77' lang='lat' dir='ltr'>fugiens</span> <span class='ocrx_word' id='word_1_227' title='bbox 726 2007 852 2046; x_wconf 88' lang='lat' dir='ltr'>captus</span> <span class='ocrx_word' id='word_1_228' title='bbox 880 2005 943 2036; x_wconf 82' lang='lat' dir='ltr'>est.</span> <span class='ocrx_word' id='word_1_229' title='bbox 977 1998 1236 2046; x_wconf 50' lang='lat' dir='ltr'>Bellisariusffi)</span> 
     </span>
     <span class='ocr_line' id='line_1_31' title="bbox 66 2060 1236 2107; baseline 0 -10"><span class='ocrx_word' id='word_1_230' title='bbox 66 2062 181 2097; x_wconf 82' lang='lat' dir='ltr'>victor</span> <span class='ocrx_word' id='word_1_231' title='bbox 201 2061 301 2096; x_wconf 90' lang='lat' dir='ltr'>illum</span> <span class='ocrx_word' id='word_1_232' title='bbox 321 2071 445 2096; x_wconf 83' lang='lat' dir='ltr'>secum</span> <span class='ocrx_word' id='word_1_233' title='bbox 465 2060 567 2095; x_wconf 82' lang='lat' dir='ltr'>duxit</span> <span class='ocrx_word' id='word_1_234' title='bbox 589 2060 946 2107; x_wconf 87' lang='lat' dir='ltr'>Constantinopolim.</span> <span class='ocrx_word' id='word_1_235' title='bbox 968 2062 1071 2097; x_wconf 84' lang='lat' dir='ltr'>Nunc</span> <span class='ocrx_word' id='word_1_236' title='bbox 1093 2062 1137 2097; x_wconf 64' lang='lat' dir='ltr'>atl</span> <span class='ocrx_word' id='word_1_237' title='bbox 1158 2062 1236 2098; x_wconf 88' lang='lat' dir='ltr'>lite—</span> 
     </span>
     <span class='ocr_line' id='line_1_32' title="bbox 68 2120 1238 2158; baseline 0.003 -3"><span class='ocrx_word' id='word_1_238' title='bbox 68 2132 144 2156; x_wconf 85' lang='lat' dir='ltr'>ram</span> <span class='ocrx_word' id='word_1_239' title='bbox 173 2121 255 2155; x_wconf 90' lang='lat' dir='ltr'>dicit</span> <span class='ocrx_word' id='word_1_240' title='bbox 281 2120 523 2155; x_wconf 81' lang='lat' dir='ltr'>Jnstinianus:</span> <span class='ocrx_word' id='word_1_241' title='bbox 563 2122 662 2154; x_wconf 80' lang='lat' dir='ltr'>Tosto</span> <span class='ocrx_word' id='word_1_242' title='bbox 693 2121 750 2155; x_wconf 80' lang='lat' dir='ltr'>clee</span> <span class='ocrx_word' id='word_1_243' title='bbox 781 2132 846 2156; x_wconf 79' lang='lat' dir='ltr'>con</span> <span class='ocrx_word' id='word_1_244' title='bbox 877 2123 910 2156; x_wconf 84' lang='grc' dir='ltr'>Ια</span> <span class='ocrx_word' id='word_1_245' title='bbox 944 2123 1056 2156; x_wconf 70' lang='lat' dir='ltr'>chiesa</span> <span class='ocrx_word' id='word_1_246' title='bbox 1088 2124 1193 2157; x_wconf 71' lang='lat' dir='ltr'>messi</span> <span class='ocrx_word' id='word_1_247' title='bbox 1225 2125 1238 2158; x_wconf 74' lang='lat' dir='ltr'>z·</span> 
     </span>
     <span class='ocr_line' id='line_1_33' title="bbox 65 2180 1235 2227; baseline 0.001 -11"><span class='ocrx_word' id='word_1_248' title='bbox 65 2182 168 2226; x_wconf 74' lang='lat' dir='ltr'>piecli,</span> <span class='ocrx_word' id='word_1_249' title='bbox 184 2181 283 2225; x_wconf 70' lang='lat' dir='ltr'>idest,</span> <span class='ocrx_word' id='word_1_250' title='bbox 299 2190 409 2225; x_wconf 87' lang='lat' dir='ltr'>qnam</span> <span class='ocrx_word' id='word_1_251' title='bbox 430 2180 500 2215; x_wconf 86' lang='lat' dir='ltr'>cito</span> <span class='ocrx_word' id='word_1_252' title='bbox 521 2180 635 2214; x_wconf 80' lang='lat' dir='ltr'>factus</span> <span class='ocrx_word' id='word_1_253' title='bbox 654 2191 734 2215; x_wconf 83' lang='lat' dir='ltr'>sum</span> <span class='ocrx_word' id='word_1_254' title='bbox 757 2192 865 2216; x_wconf 83' lang='lat' dir='ltr'>verns</span> <span class='ocrx_word' id='word_1_255' title='bbox 884 2181 1111 2227; x_wconf 61' lang='lat' dir='ltr'>christianus-7</span> <span class='ocrx_word' id='word_1_256' title='bbox 1127 2193 1149 2216; x_wconf 85' lang='lat' dir='ltr'>a</span> <span class='ocrx_word' id='word_1_257' title='bbox 1167 2184 1235 2217; x_wconf 75' lang='lat' dir='ltr'>Dio</span> 
     </span>
    </p>
   </div>
   <div class='ocr_carea' id='block_1_3' title="bbox 129 2306 1064 2338">
    <p class='ocr_par' dir='ltr' id='par_1_3' title="bbox 129 2306 1064 2338">
     <span class='ocr_line' id='line_1_34' title="bbox 129 2306 1064 2338; baseline 0.003 -8"><span class='ocrx_word' id='word_1_258' title='bbox 129 2306 155 2336; x_wconf 82' lang='lat'>(¹)</span> <span class='ocrx_word' id='word_1_259' title='bbox 175 2307 203 2330; x_wconf 83' lang='lat' dir='ltr'>E.</span> <span class='ocrx_word' id='word_1_260' title='bbox 221 2307 316 2331; x_wconf 85' lang='lat' dir='ltr'>Deinde</span> <span class='ocrx_word' id='word_1_261' title='bbox 334 2307 462 2338; x_wconf 81' lang='lat' dir='ltr'>ingressus</span> <span class='ocrx_word' id='word_1_262' title='bbox 478 2307 602 2332; x_wconf 73' lang='lat' dir='ltr'>Africam.</span> <span class='ocrx_word' id='word_1_263' title='bbox 758 2310 783 2338; x_wconf 77' lang='lat'>(²)</span> <span class='ocrx_word' id='word_1_264' title='bbox 802 2309 830 2332; x_wconf 76' lang='lat' dir='ltr'>E.</span> <span class='ocrx_word' id='word_1_265' title='bbox 849 2310 891 2333; x_wconf 68' lang='lat' dir='ltr'>sed</span> <span class='ocrx_word' id='word_1_266' title='bbox 909 2310 1064 2333; x_wconf 81' lang='lat' dir='ltr'>llellisarius.</span> 
     </span>
    </p>
   </div>
  </div>
 </body>
</html>
