1766 2856
496 227 564 258 154
861 230 1063 256 COMENTUM
1089 228 1306 254 PURGATORH

492 305 657 349 tualiter,
686 315 703 338 e
729 304 828 346 bella,
857 303 974 337 forma
1001 301 1163 347 corporis
1189 304 1225 336 et
1244 300 1380 336 virtute
1405 300 1529 345 animi,
1550 302 1669 336 (nectar

486 376 554 410 per
582 375 652 399 nna
679 364 801 406 landa,
828 362 929 406 idest,
958 361 1143 407 planitiem
1177 370 1389 405 amoenam,
1422 360 1501 395 talis
1530 364 1583 395 est
1612 360 1670 396 via

493 425 637 461 virtutis
664 424 699 458 in
729 423 811 467 fine,
838 423 1016 466 coyliendo
1047 422 1142 466 fiori,
1171 421 1271 466 idest,
1306 431 1418 466 opera
1450 421 1588 456 florida.
1626 421 1668 455 Et

492 484 662 521 describit
689 484 818 518 horam
847 493 920 528 qua
949 482 1074 518 habuit
1101 482 1206 516 istam
1235 491 1361 516 veram
1391 481 1580 525 visionem,
1601 480 1670 516 sci-

494 545 586 589 licet,
614 553 791 579 auroram
818 542 907 586 diei3
936 545 971 577 et
998 542 1075 577 vult
1111 541 1231 576 dicere
1267 540 1540 585 sententialiter,
1573 539 1670 585 quod

495 615 591 640 nunc
619 607 698 640 erat
724 603 783 638 illa
810 603 900 638 hora
929 612 1043 647 quam
1070 602 1189 647 primo
1221 601 1407 647 descripsit
1435 601 1471 635 in
1497 599 1670 646 principio

496 664 709 711 purgatorii,
737 663 823 708 quia
850 663 984 698 scilicet
1012 662 1134 696 Venus
1157 671 1239 706 quae
1267 663 1353 696 tune
1381 664 1460 696 erat
1487 659 1671 696 orientalis

495 724 694 771 apparebat
726 722 1011 768 splendidissima
1042 724 1126 756 ante
1160 724 1283 755 ortum
1318 720 1413 755 solis.
1450 720 1551 756 Unde
1584 719 1670 754 dixit

495 785 563 820 ibi:
592 787 640 818 Lo
668 784 721 818 bel
740 785 882 827 pz'anelo
908 783 966 816 che
992 782 1041 816 acl
1066 791 1171 815 αηιαν
1198 782 1358 825 conforta
1383 783 1485 825 facea
1513 784 1594 815 tullo
1621 781 1672 814 ri—

495 846 559 879 der
586 846 606 878 l’
621 845 761 877 oriente.
782 842 873 877 Dicit
900 851 1006 887 ergo:
1027 842 1132 875 credo
1152 841 1304 874 nell’ora
1323 841 1381 874 che
1403 841 1548 882 Cicerea,
1568 839 1669 884 idest,

496 905 630 947 Venus,
660 902 709 937 sic
736 902 829 936 dicta
856 901 902 936 ab
930 900 1047 935 insula
1077 899 1137 934 ubi
1156 900 1339 945 praecipue
1362 900 1563 943 colebatur,
1582 909 1671 943 ray-

495 959 552 1007 916
586 964 708 1007 prima
747 963 823 996 clell'
839 962 968 995 oriente
1007 961 1063 994 nel
1101 963 1225 1002 monle,
1266 959 1412 1004 scilicet,
1448 958 1670 1005 purgatorii,

500 1025 645 1065 Cilerea,
671 1022 762 1067 dico,
790 1022 848 1056 clze
874 1022 909 1055 ‹Iz'
933 1022 1037 1065 suoco
1067 1020 1100 1054 cl*
1115 1030 1217 1053 αηιον
1245 1029 1316 1063 par
1346 1029 1483 1063 sempre
1514 1020 1672 1062 ardente,

497 1083 582 1128 quia
602 1082 723 1117 Venus
746 1081 876 1116 dicitur
905 1083 1022 1115 mater
1050 1079 1196 1123 amoris,
1217 1082 1251 1113 et
1272 1081 1417 1124 praestat
1436 1088 1583 1113 omnem
1610 1078 1675 1114 de-

498 1142 741 1178 lectationem.
759 1143 852 1175 —E
876 1141 1062 1175 ecmtandO.
1092 1139 1154 1174 Hic
1182 1141 1288 1184 poeta
1321 1138 1491 1173 describit
1523 1141 1672 1173 cantum

498 1202 608 1237 buius
626 1199 660 1246 χ’)
690 1202 838 1237 samosae
867 1201 1040 1245 mulieris,
1070 1210 1152 1245 quae
1180 1209 1218 1234 se
1246 1198 1439 1245 magnifice
1467 1199 1672 1234 manifestat

499 1274 520 1298 a
548 1262 694 1297 nomine
714 1266 748 1297 et
767 1261 938 1307 operibus
966 1261 1058 1305 suis,
1082 1260 1177 1295 unde
1200 1259 1301 1294 dicit:
1323 1262 1354 1293 E
1369 1260 1546 1294 cantando
1564 1260 1674 1303 dic-ea,

499 1323 592 1358 dicta
628 1322 785 1367 domina,
817 1323 942 1366 suppia
979 1322 1173 1365 qnalzquee
1205 1321 1230 1355 il
1259 1321 1327 1354 mio
1360 1330 1462 1354 nome
1491 1320 1674 1361 ditnanclcz,

499 1385 595 1418 (Ἰιίὀ
623 1384 669 1417 mi
693 1393 756 1417 son
785 1383 861 1425 Lia,
889 1381 990 1427 idest,
1019 1381 1091 1416 vita
1117 1380 1246 1416 activa.
1271 1379 1372 1415 Unde
1398 1379 1549 1414 adverte
1576 1378 1674 1424 quod

499 1443 604 1478 multi
633 1442 807 1477 falluntur
834 1441 890 1477 bic
918 1441 1107 1476 credentes
1134 1440 1232 1485 quod
1259 1443 1365 1485 poeta
1391 1439 1564 1484 loquatur
1586 1439 1675 1473 sim—

498 1503 637 1549 pliciter
664 1502 709 1537 de
736 1502 830 1547 Lya3
864 1501 925 1536 sed
960 1505 1013 1536 est
1046 1500 1176 1535 modus
1208 1499 1390 1545 loquendi,
1423 1499 1525 1545 quasi
1561 1499 1674 1534 dicat:

498 1573 580 1597 sum
601 1562 701 1597 velut
723 1562 837 1596 altera
853 1561 938 1607 Lya,
955 1560 1058 1605 sicut,
1074 1560 1191 1606 gratia
1211 1559 1380 1604 exempli,
1400 1559 1429 1593 si
1450 1570 1522 1594 una
1543 1558 1676 1594 mulier

499 1621 635 1657 sollcita
663 1621 757 1656 dicat
783 1620 827 1656 de
854 1630 892 1655 se
920 1620 1015 1665 ipsa:
1044 1630 1112 1665 ego
1140 1629 1222 1653 sum
1246 1619 1405 1663 Martha,
1425 1621 1461 1653 et
1487 1618 1515 1653 si
1544 1618 1676 1653 mulier

500 1680 685 1727 peccatrix
713 1684 747 1716 et
779 1680 957 1725 poenitens
989 1679 1103 1714 dicat:
1139 1689 1219 1713 sum
1253 1677 1489 1723 Magdalena3
1526 1678 1676 1713 suerunt

500 1741 597 1776 enim
625 1740 707 1775 ‹111ae
735 1750 870 1775 uxores
897 1739 1018 1783 Jacob,
1047 1748 1206 1783 quarum
1242 1738 1359 1783 prima
1388 1738 1453 1772 suit
1479 1737 1564 1784 Lya,
1592 1748 1675 1782 quae

502 1800 636 1847 figurat
664 1800 775 1835 vitam
803 1799 983 1835 activam:
1013 1809 1096 1834 nam
1123 1799 1196 1844 Lya
1224 1798 1289 1833 suit
1317 1798 1410 1843 lippa
1437 1798 1562 1841 oculis,
1591 1797 1676 1842 quia

502 1861 574 1895 vita
601 1860 719 1895 activa
746 1869 842 1905 saepe
868 1859 965 1894 videt
985 1858 1105 1893 minus
1134 1861 1233 1893 recte
1259 1858 1345 1902 quia
1373 1857 1567 1903 impeditur
1586 1867 1676 1892 cura

502 1919 786 1965 temporalium,
822 1919 955 1954 Rachel
991 1928 1079 1953 vero
1120 1921 1193 1954 tota
1225 1918 1350 1963 pulcra
1379 1917 1463 1962 quia
1492 1920 1590 1952 recte
1617 1926 1677 1952 re-

502 1980 603 2025 spicit
630 1979 772 2014 divina:
802 1978 881 2014 ideo
917 1981 1021 2024 poeta
1054 1977 1172 2023 primo
1199 1977 1334 2012 inducit
1361 1977 1472 2023 Lyam
1507 1976 1576 2011 sub
1612 1986 1676 2011 no-

504 2040 600 2074 mine
627 2039 802 2074 Matbildis
830 2039 865 2074 in
893 2038 964 2074 fine
992 2037 1204 2084 purgatorii,
1227 2037 1312 2082 quia
1336 2037 1450 2072 virtus
1471 2036 1618 2072 moralis
1642 2036 1677 2071 in

503 2099 713 2144 operatione
740 2099 918 2143 consistit,
946 2098 1080 2133 Rachel
1115 2108 1202 2133 vero
1237 2097 1372 2132 inducit
1404 2097 1439 2132 in
1472 2097 1543 2132 line
1571 2107 1678 2143 para-

503 2159 580 2203 disi,
604 2158 663 2193 ubi
692 2160 960 2204 contemplatur
987 2159 1116 2193 Deum.
1146 2158 1187 2192 Et
1216 2157 1327 2204 [angit
1347 2157 1411 2193 ista
1432 2157 1578 2193 domina
1597 2158 1679 2193 offi-

568 2287 593 2317 (')
611 2287 639 2309 E.
657 2287 732 2309 huius
750 2286 870 2310 formosa*
888 2289 913 2309 et
932 2286 1044 2309 samosae.
