1737 2836
493 256 630 282 CANTcs
656 256 822 288 QUINTUs.
1172 251 1241 282 407

68 333 169 364 ctum
193 332 282 364 erat.
303 329 395 365 Nota
414 329 523 364 etiam
543 329 640 374 quod
660 330 755 375 Papa
783 333 899 375 potest
926 330 1047 365 omnia
1076 333 1111 365 et
1138 340 1242 375 quae-

70 388 153 424 dam
182 389 262 424 alia.

145 452 222 484 Non
248 450 444 494 mendam.
472 449 542 484 Ista
568 453 623 484 est
651 449 755 484 tertia
783 459 866 494 pars
893 450 1073 495 generalis
1101 450 1136 485 in
1169 460 1242 495 qua

70 510 214 545 Beatrix
243 510 303 545 dat
326 520 443 544 unum
463 509 641 555 optimum
660 509 936 553 documentum,
957 509 1158 546 admonens
1178 521 1244 546 nos

70 580 116 604 ne
142 569 255 604 simus
283 569 398 604 festini
430 569 486 604 vel
519 568 709 614 improvidi
743 568 838 603 circa
875 572 1001 603 votum
1036 569 1243 605 faciendum

70 628 202 674 duplici
229 629 408 674 exemplo.
437 628 488 663 Ad
516 628 621 674 primi
650 627 921 673 intelligentiam
957 631 1010 663 est
1041 629 1242 674 sciendum,

71 689 168 734 quod
192 689 283 725 sicut
302 693 399 734 patet
418 689 510 724 libro
529 688 708 732 Judicum,
729 688 884 734 populus
903 688 1012 723 lsrael
1034 689 1079 723 ad
1099 692 1243 734 tempus

70 748 138 783 fuit
170 749 396 794 gubernatus
428 759 492 794 per
523 744 718 794 judices&
753 752 912 793 quatuor
945 752 1142 794 antequam
1178 759 1244 795 per

72 818 187 854 reges.
216 808 312 843 Inter
339 808 427 843 alios
454 811 578 843 autem
606 808 673 842 suit
696 818 791 842 unus
812 811 963 843 vocatus
990 808 1063 843 Jair
1090 809 1135 844 de
1157 808 1245 843 civi-

71 871 144 903 tate
171 867 317 911 Galaad‚
338 867 399 912 qui
422 867 547 902 habuit
570 867 715 913 triginta
736 867 825 902 filios
852 877 897 902 ex
926 878 1054 912 uxore,
1075 872 1109 903 et
1128 868 1240 903 alium

71 938 115 964 ex
133 928 325 964 meretrice
342 928 487 963 nomine
503 928 667 973 Jeplithe,
685 937 795 972 quem
812 927 943 963 fratres
958 928 1145 963 eiecerunt
1160 929 1244 974 quia

70 999 143 1024 non
165 992 243 1024 erat
272 988 473 1034 legitimu53
494 988 550 1023 vel
571 987 705 1032 verius,
726 987 810 1032 quia
838 987 1013 1022 timebant
1040 998 1140 1032 eum,
1159 998 1244 1024 cum

71 1052 166 1084 esset
192 1049 247 1083 vir
274 1048 491 1083 fortissimus
518 1051 553 1083 et
587 1051 780 1094 pugnator,
809 1047 870 1092 qui
903 1048 1138 1094 congregavit
1167 1059 1245 1084 ma-

71 1118 182 1154 gnam
216 1108 361 1143 turbam
398 1117 603 1153 pauperum
640 1111 676 1143 et
710 1107 904 1142 latronum.
942 1108 1083 1143 Mortuo
1119 1112 1243 1144 autem

73 1171 175 1213 patre
194 1167 251 1202 filii
272 1168 392 1212 Israel,
413 1171 560 1213 propter
579 1177 673 1202 nova
695 1170 842 1212 peccata
861 1167 1048 1212 idolam-ize,
1067 1178 1152 1202 cum
1173 1178 1244 1203 non

74 1231 218 1273 possent
238 1228 406 1263 resistere
424 1227 641 1262 adversariis
660 1227 851 1273 elegerunt
870 1227 1022 1272 Jephthe
1045 1227 1243 1273 principem

74 1297 217 1323 eorum.
234 1288 385 1333 Jephthe
400 1298 488 1333 ergo
509 1287 626 1322 iturus
645 1291 770 1322 contra
786 1288 905 1323 hostes
924 1287 1006 1322 fecit
1026 1291 1152 1323 votum
1174 1288 1244 1323 Do-

73 1347 172 1382 mino
200 1347 297 1392 quod
324 1347 351 1381 si
380 1347 560 1382 obtineret
587 1347 788 1391 victoriam,
817 1347 852 1381 in
880 1347 994 1382 reditu
1024 1348 1160 1383 faceret
1189 1358 1248 1383 sa—

74 1407 251 1442 crificium
286 1407 331 1442 de
362 1418 406 1442 eo
438 1407 534 1452 quod
569 1411 782 1442 occurreret
809 1407 873 1442 sibi
911 1407 945 1442 in
979 1412 1080 1453 porta
1115 1408 1247 1443 domus

75 1478 162 1502 suae.
179 1467 330 1512 Jephthe
349 1477 438 1513 ergo
454 1467 568 1502 victor
589 1467 747 1502 hostium
767 1478 926 1512 quorum
944 1468 1067 1514 viginti
1084 1468 1247 1504 civitates

74 1531 304 1573 oppresserat
331 1538 374 1562 ex
405 1527 483 1561 filiis
511 1527 626 1561 Amon
654 1537 737 1562 cum
769 1527 902 1562 rediret
932 1538 1016 1562 cum
1051 1527 1250 1574 triumpho,

75 1587 237 1623 occurrit
264 1587 381 1632 primo
408 1587 473 1621 sibi
503 1586 687 1632 unigenita
717 1587 786 1622 filia
819 1597 904 1622 cum
939 1597 1027 1622 sono
1059 1591 1094 1622 et
1127 1592 1247 1623 cantu.

74 1648 154 1690 Qua
184 1647 255 1682 visa
283 1646 395 1681 doluit
416 1646 541 1690 nimis3
561 1646 621 1681 sed
642 1647 761 1692 puella
782 1656 853 1681 non
872 1647 1053 1682 recusavit
1073 1646 1150 1682 fieri
1171 1648 1246 1682 vic-

77 1708 185 1751 tima;
214 1707 313 1753 petiit
340 1710 463 1741 tamen
486 1711 525 1741 ut
544 1706 687 1741 duobus
711 1707 896 1742 mensibus
921 1707 988 1743 iret
1016 1717 1080 1753 per
1109 1711 1250 1742 montes

78 1767 299 1812 deplorando
315 1777 418 1801 suam
437 1766 699 1812 virginitatenu
716 1777 789 1811 quo
813 1767 906 1802 sacto
922 1771 1024 1813 pater
1047 1768 1249 1803 immolavit

78 1837 171 1863 eam.
193 1827 234 1861 Et
256 1821 406 1871 Jephthe
424 1826 600 1871 judicavit
618 1827 727 1862 lsrael
749 1838 812 1862 sex
836 1827 949 1862 annis,
969 1828 1072 1863 Nunc
1094 1828 1139 1863 ad
1168 1829 1247 1863 lite—

80 1898 157 1922 ram
177 1886 260 1921 dicit
280 1886 443 1920 Beatrix:
466 1888 543 1919 Non
559 1887 744 1930 prendcmo
772 1888 783 1920 ι’
809 1888 951 1921 mortali
972 1888 996 1920 il
1016 1891 1092 1920 voto
1110 1897 1133 1920 α
1151 1888 1249 1920 ce'cm-

79 1949 145 1991 cia,
168 1947 267 1990 idest,
289 1956 353 1991 pro
374 1945 494 1989 trulla,
515 1945 599 1990 quia
618 1949 672 1981 est
692 1956 748 1981 res
767 1946 902 1991 gravis,
923 1947 1015 1981 imo:
1035 1948 1119 1981 sz'czle
1134 1948 1249 1991 fedeli,

82 2017 144 2042 vos
172 2006 348 2049 homines,
376 2009 407 2039 el
432 2016 454 2039 (ι
481 2001 532 2039 cio
556 2007 618 2049 far
645 2015 712 2039 non
738 2006 832 2047 hies-i,
852 2005 951 2049 idest,
973 2006 1162 2050 simplices,
1183 2006 1252 2040 im-

81 2066 230 2112 providi7
250 2077 344 2101 come
359 2068 398 2110 [ιι
415 2067 501 2110 Jefle
519 2066 591 2098 alla
609 2075 671 2099 sua
689 2066 806 2109 prima
826 2067 978 2108 mancia,
994 2065 1095 2110 idest,
1116 2066 1253 2111 primo—

81 2127 211 2172 genita}
244 2126 335 2170 filiae‚
372 2136 456 2161 cum
490 2128 631 2160 careret
665 2125 764 2160 omni
796 2125 864 2160 alia
898 2126 1018 2171 proleg
1050 2128 1105 2160 cm'
1135 2124 1195 2170 μῖὴ
1224 2128 1254 2161 sz'

81 2187 249 2221 convenia
275 2187 389 2220 decer:
418 2186 489 2219 mal
511 2186 590 2229 feci,
622 2184 722 2228 idest⁷
756 2185 914 2229 peccavi,
947 2185 1041 2220 male
1076 2186 1254 2230 vovendo,

145 2316 170 2345 (¹)
189 2316 332 2346 4,j11dices,
351 2319 375 2339 et
393 2319 538 2346 antequam.
