1737 2836
350 216 487 242 CANUS
514 218 704 244 leESIMUS
730 219 920 245 SECUNDUS.
1170 217 1214 248 29

48 287 217 333 expendit
237 288 316 333 plus
335 299 445 333 quam
467 292 598 324 natura
619 293 730 335 petat,
748 291 828 336 plus
847 301 958 336 quam
981 291 1126 328 fortuna
1147 294 1215 329 mi-

47 346 183 391 nistret,
212 347 295 382 facit
322 348 392 383 cito
418 347 463 382 de
494 348 600 393 pleno
632 360 803 395 vacuum,
830 350 875 386 de
906 350 1000 386 dulci
1031 362 1214 399 amarum,

46 405 91 441 de
118 406 199 442 luce
226 407 356 451 lutum,
376 407 421 442 de
448 407 590 442 Caesare
608 408 780 453 Codrum,
807 409 851 445 de
874 410 980 446 laude
1007 411 1216 457 ludibrium,

46 465 91 501 de
123 467 238 501 multo
275 467 370 501 nihil.
404 466 460 501 Sic
478 464 512 510 U)
547 467 696 513 prodiga
731 479 861 504 manus
894 470 1086 516 prodigum
1115 472 1215 517 facit;

47 535 130 560 nam
158 525 229 560 cito
249 526 363 561 reddit
382 536 420 561 se
438 526 744 571 contemptibilem
766 527 831 562 illis
853 529 984 572 quibus
1006 531 1113 575 paulo
1131 535 1215 567 ante

45 585 260 620 venerabilis
288 585 489 629 videbatur,
513 588 548 620 et
574 585 670 621 dolet
697 586 865 622 dextram
895 589 990 624 male
1016 591 1213 634 providisse

46 644 218 689 sinistrae;
246 645 347 680 tarde
369 645 529 690 poenitet,
551 645 624 680 imo
649 646 747 691 quod
766 650 820 681 est
839 647 1038 683 mirabilius
1057 653 1092 684 et
1111 650 1214 684 dam-

45 704 209 749 nabilius,
242 705 270 739 si
304 705 449 740 fortuna
486 705 576 740 redit
604 706 715 740 nescit
744 716 919 742 revocare
952 718 1103 743 manum
1138 720 1211 753 qua

45 763 210 798 licentius
236 767 478 799 consueverat
506 764 566 799 uti.
596 765 710 800 Huius
734 766 808 800 vitii
829 766 1069 812 principatum
1098 768 1212 803 tenuit

45 823 259 867 Alexander‚
282 824 340 858 cui
360 823 645 860 innumerabiles
667 825 790 860 mundi
811 829 931 870 partes
952 836 1024 861 non
1051 827 1213 862 suffecis-

44 886 133 927 sent,
163 886 203 917 ut
231 884 325 918 male
352 883 520 928 perderet
547 894 685 919 omnes.
713 884 805 926 Quid
838 885 957 920 Nero?
985 886 1070 931 quid
1105 887 1210 922 Caius

44 942 230 987 Caligula?
257 942 342 986 quid
369 943 568 977 Antonius?
589 944 618 978 Ο
639 948 727 989 quot
747 944 843 979 viros
863 945 1023 981 valentes
1046 946 1139 981 istud
1159 947 1212 982 vi-

44 1001 135 1036 tium
162 1001 311 1036 deduxit
339 1001 374 1036 in
402 1002 539 1037 rabiem
568 1006 604 1038 et
629 1003 935 1048 desperationem!
964 1005 1005 1039 Et
1031 1006 1211 1041 concludit

45 1061 202 1096 Statius:
230 1057 319 1106 perc)
345 1063 419 1096 s'e'o
445 1072 507 1096 son
536 1066 592 1096 tra
619 1064 731 1108 quella
763 1067 861 1106 yeme
886 1067 976 1098 stato
1003 1065 1061 1099 che
1082 1066 1212 1109 pianye

45 1122 66 1155 l'
82 1123 257 1164 avariz-z'a,
278 1132 344 1165 per
367 1123 567 1165 puryarmz',
590 1122 617 1156 si
646 1125 840 1167 paupertas
868 1133 939 1157 non
967 1124 1051 1159 satis
1078 1124 1212 1160 fecerat

44 1181 79 1215 in
109 1191 167 1216 me
194 1180 387 1215 vindictam
417 1181 524 1215 huius
551 1181 742 1216 inconsulti
771 1181 857 1226 viiii,
879 1193 946 1226 per
973 1184 1006 1217 lo
1032 1186 1211 1218 contrario

43 1251 105 1275 suo
132 1237 207 1275 m'e'
231 1242 439 1284 incontrato,
466 1240 611 1285 scilicet,
631 1244 778 1286 propter
801 1241 1102 1288 prodigalitatem,
1130 1254 1212 1288 quae

43 1304 97 1335 est
124 1300 306 1336 contraria
333 1300 505 1344 avaritiae,
533 1303 568 1335 et
595 1300 748 1335 destruit
775 1311 919 1346 semper
945 1312 1038 1337 eam.

122 1362 172 1395 Or
190 1362 330 1404 quando
350 1364 382 1394 Ιιι
401 1362 557 1395 cantasti.
578 1361 646 1395 Ista
666 1363 719 1395 est
737 1361 894 1396 secunda
923 1372 1006 1406 pars
1034 1362 1212 1408 principa-

44 1420 95 1464 lis,
123 1420 157 1454 in
186 1431 258 1465 qua
293 1423 398 1465 poeta
431 1419 585 1455 ostendit
611 1420 767 1464 qualiter
794 1420 927 1454 Statius
957 1417 1210 1465 narraverit&

42 1479 188 1525 Virgilio
217 1489 365 1514 causam
394 1489 470 1514 suae
488 1479 734 1514 conversionis
760 1479 805 1514 ad
834 1479 953 1523 tidem,
972 1479 1017 1515 de
1039 1491 1111 1525 quo
1131 1480 1211 1515 Yir-

41 1539 147 1585 gilius
175 1539 377 1574 mirabatur
403 1549 488 1574 cum
518 1539 683 1574 videatur
716 1538 814 1583 loqui
847 1539 1020 1584 paganice
1051 1539 1087 1574 in
1114 1540 1212 1574 libris

42 1599 125 1634 suis.
154 1599 196 1633 Et
229 1598 273 1633 ad
306 1598 575 1644 intelligendam
613 1598 717 1643 plene
753 1598 894 1633 literam
931 1598 1035 1633 istam
1068 1603 1209 1644 oportet

42 1659 212 1705 colligere
247 1658 448 1693 summarie
483 1668 608 1693 casum
644 1658 791 1693 infelicis
829 1659 990 1693 Jocastae.
1029 1659 1089 1693 Est
1122 1669 1211 1704 ergo

42 1718 241 1762 sciendum,
269 1718 359 1752 sicut
387 1721 503 1762 potest
530 1717 654 1752 haberi
683 1728 727 1753 ex
757 1717 868 1752 Statio
889 1718 922 1752 in
943 1718 1072 1753 maiori
1091 1721 1126 1753 et
1145 1718 1211 1754 Se-

43 1788 133 1813 neca
160 1777 337 1823 tragoedo,
364 1777 504 1812 ,Iocasta
524 1772 560 1820 ὅ)
596 1776 723 1812 nobilis
755 1777 881 1823 regina
915 1777 982 1812 fuit
1010 1787 1104 1812 uxor
1136 1777 1210 1812 Laii

43 1837 138 1884 regis
160 1836 386 1881 Tliebarum3
406 1846 489 1881 quae
507 1836 593 1871 dum
613 1836 835 1882 concepisset
855 1847 900 1872 ex
920 1847 975 1881 eo,
995 1836 1102 1871 Laius
1121 1847 1210 1872 con-

42 1897 153 1933 suluit
180 1896 378 1941 Apollinem
406 1895 451 1930 de
477 1896 577 1940 prole
597 1896 798 1940 nascitura3
818 1899 854 1931 et
872 1895 995 1931 audito
1014 1895 1111 1939 quod
1131 1899 1210 1930 erat

41 1955 259 1993 occidendus
286 1966 396 1990 mann
422 1954 492 1998 filii,
517 1954 635 1989 statim
666 1955 849 1989 mandavit
877 1957 1022 2000 partum
1041 1953 1146 1989 abiici
1165 1953 1209 1989 ad

41 2016 152 2061 feras;
180 2015 241 2050 sed
268 2015 409 2050 Jocasta
434 2024 590 2060 puerum
621 2017 747 2048 natum
768 2013 910 2048 tradidit
928 2013 1072 2048 cuidam
1092 2014 1208 2048 Phor-

42 2076 138 2111 banti
166 2075 299 2121 pastori
328 2075 433 2121 regis,
460 2074 522 2119 qui
555 2073 778 2119 compatiens
811 2073 906 2108 aetati
938 2074 1151 2118 temperavit
1172 2068 1206 2117 ζ’)

42 2135 254 2171 mandatum
282 2135 395 2181 regi53
418 2144 503 2168 nam
524 2133 715 2178 perforatis
734 2132 884 2178 pedibus
904 2132 1089 2178 suspendit
1109 2133 1209 2167 illum

104 2227 130 2256 (¹)
149 2230 200 2255 117,
218 2227 258 2250 Sic
275 2227 343 2257 quod
362 2227 475 2257 prodiga.
665 2225 691 2254 (¹)
710 2225 738 2248 E.
756 2231 770 2249 e
787 2224 812 2248 S.
831 2225 953 2248 narravit.

104 2265 130 2295 (⁸)
148 2265 176 2288 E.
194 2265 262 2295 quod
279 2265 387 2288 Jocasta.
667 2263 692 2292 (¹)
710 2263 739 2287 Ε.
758 2264 842 2293 paruit
860 2263 978 2286 mandato
997 2262 1070 2291 regis.
