1766 2856
508 256 552 286 62
866 257 1070 284 COMENTCM
1096 257 1318 282 PURGATORII

504 343 631 377 ynasse
657 333 833 376 discipline
866 341 886 365 ο
920 331 1082 374 spiritali,
1115 329 1218 374 idest,
1246 329 1303 364 vel
1337 327 1553 374 spirituales,
1588 328 1682 363 sicut

504 391 855 436 excommunicatio3
883 391 941 426 vel
969 390 1114 425 habitus
1140 390 1271 434 bonus,
1295 389 1442 434 qualem
1471 388 1568 424 dedit
1593 388 1682 424 bea—

507 456 565 488 tus
592 452 790 498 Gregorius
818 450 1036 486 mulieribus
1064 449 1236 495 romanis,
1261 449 1328 484 sub
1355 459 1429 494 quo
1456 449 1608 485 honeste
1628 448 1681 484 la-

505 516 601 556 teut;
635 523 656 547 o
688 513 789 555 altre,
825 511 969 556 seilicet,
1005 511 1062 546 vel
1096 509 1290 555 disciplinae
1325 509 1556 554 temporales,
1590 508 1683 544 sicut

507 575 682 608 statutum
710 571 874 615 civitatis,
895 571 951 606 vel
974 580 1081 616 poena
1101 569 1275 614 officialis,
1296 578 1379 614 quae
1406 571 1503 604 vetat
1530 568 1683 604 inhone-

507 636 600 668 stam
628 635 663 668 et
690 641 880 667 enormem
913 631 1132 666 decisionem
1161 639 1367 675 pannorum
1403 628 1499 664 circa
1531 628 1682 674 collum3

508 692 601 728 sicut
626 691 820 737 aliquando
848 691 984 726 factum
1012 694 1066 726 est
1092 689 1285 724 Florentiae
1312 692 1460 734 propter
1484 688 1568 723 istas
1595 688 1682 724 bar-

508 752 708 798 bagieuses.
740 752 781 785 Et
813 751 870 786 hic
906 754 1001 795 nota,
1030 749 1127 795 quod
1156 752 1262 795 poeta
1295 751 1417 784 noster
1451 748 1683 783 meritissime

509 811 591 847 facit
618 811 834 846 invectivam
852 806 886 854 χ’)
916 813 1043 844 contra
1079 809 1175 844 istas.
1211 809 1302 843 Nam
1339 808 1427 843 nulli
1458 807 1616 843 artifices
1647 807 1684 842 in

511 871 646 906 mundo
674 870 806 905 habent
834 873 907 905 tam
936 869 1037 904 varia
1064 879 1203 916 organa
1223 872 1258 904 et
1277 868 1419 903 diversa
1439 868 1682 903 instrumenta

510 935 543 966 et
583 930 726 965 subtilia
765 933 985 976 argumenta
1023 940 1088 975 pro
1128 928 1301 964 exercitio
1341 937 1418 962 suae
1457 927 1557 973 artis,
1591 927 1685 962 sicut

512 990 683 1026 mulieres
710 990 911 1025 florentinae
939 1000 1004 1035 pro
1032 989 1131 1024 cultu
1165 998 1241 1023 suae
1276 998 1450 1034 personae.
1479 987 1557 1023 Non
1586 988 1684 1024 enim

508 1054 687 1086 contentae
715 1050 872 1085 naturali
900 1049 1154 1095 pulcritudine,
1174 1058 1319 1094 semper
1338 1051 1518 1083 conantur
1537 1047 1683 1093 addere,

509 1115 542 1145 et
572 1113 697 1145 eontra
725 1119 852 1144 omnes
887 1109 1049 1144 defectus
1086 1108 1283 1144 incredibili
1316 1111 1396 1143 arte
1431 1107 1611 1154 sagaciter
1645 1117 1685 1143 se

510 1173 667 1205 armant.
686 1170 776 1205 Nam
797 1169 1011 1215 parvitatem
1033 1169 1207 1204 adiuvant
1225 1179 1310 1204 cum
1331 1168 1475 1213 planula
1496 1167 1586 1211 alta3
1602 1177 1685 1202 car-

511 1240 595 1265 nem
624 1229 765 1276 nigram
793 1229 982 1274 dealbant,
1003 1228 1131 1264 faciem
1152 1228 1320 1274 pallidam
1344 1227 1479 1262 faciunt
1508 1227 1685 1262 rubicun-

511 1289 613 1334 dam,
642 1289 788 1334 capillos
816 1288 952 1323 faciunt
980 1288 1109 1333 ssavos3
1137 1287 1262 1323 dentes
1282 1287 1483 1331 eburneos3
1507 1286 1684 1322 mamillas

511 1349 641 1384 breves
668 1352 703 1384 et
729 1348 857 1383 duras:
886 1351 922 1383 et
950 1351 989 1382 ut
1016 1347 1177 1384 breviter
1204 1347 1333 1391 dicam,
1361 1347 1484 1382 onmia
1517 1347 1685 1382 membra

511 1408 704 1444 artificiose
731 1411 967 1453 componunt.
996 1407 1088 1450 Quid
1115 1407 1314 1443 mulierum
1342 1410 1532 1442 tusearum
1563 1417 1685 1442 mores

511 1468 682 1512 referam,
709 1468 754 1503 de
781 1467 914 1512 quibus
941 1467 1070 1502 Gerius
1103 1467 1147 1502 de
1177 1467 1301 1503 Aretio
1335 1470 1494 1513 satyram
1528 1466 1610 1502 fecit
1640 1466 1686 1502 ad

511 1527 749 1562 imitationem
776 1527 942 1572 Apuleii?
970 1527 1047 1561 Non
1075 1527 1194 1561 solum
1222 1530 1346 1562 autem
1368 1527 1541 1562 mulieres
1560 1530 1685 1571 tuscae,

512 1586 573 1622 sed
602 1587 738 1631 ubique
758 1589 942 1621 terrarum
964 1586 1248 1632 intemperantes
1271 1587 1373 1621 sactae
1395 1590 1491 1631 sunt,
1511 1586 1603 1621 sicut
1621 1585 1687 1621 Se-

512 1656 600 1681 neca
629 1646 782 1682 ostendit
801 1646 845 1681 de
866 1646 1081 1682 mulieribus
1104 1646 1274 1681 romanis.
1294 1646 1453 1681 Feminae.
1475 1650 1599 1681 autem
1620 1646 1687 1682 flo-

514 1706 665 1741 rentinae
705 1706 761 1741 vel
801 1706 992 1742 Florentiae
1028 1706 1226 1741 comedunt
1257 1710 1291 1741 et
1319 1705 1458 1751 bibunt,
1485 1710 1685 1751 antequam

513 1766 645 1800 vadant
664 1765 709 1800 ad
733 1766 874 1811 nuptias
894 1767 951 1801 vel
977 1766 1021 1801 ad
1048 1765 1374 1801 ecclesian1.—Jla
1393 1776 1438 1800 se.
1467 1766 1530 1801 Hic
1558 1766 1686 1801 ultimo

512 1825 681 1860 Foresius
708 1825 926 1870 praenuntiat
954 1826 1048 1860 mala
1073 1829 1250 1861 eventura
1279 1825 1314 1860 in
1342 1825 1444 1861 brevi
1466 1835 1577 1871 super
1603 1825 1686 1861 Flo—

512 1884 680 1929 rentiam,
709 1896 791 1930 quae
820 1885 992 1921 mulieres
1019 1885 1220 1920 tlorentinae
1256 1885 1443 1920 habebunt
1469 1885 1685 1931 deplorare3

514 1945 611 1980 unde
637 1945 739 1980 dicit:
773 1947 833 1980 Μα
859 1956 895 1979 se
929 1947 958 1980 Ie
989 1949 1234 1989 srergyoynale,
1266 1945 1359 1981 bene
1386 1945 1479 1991 dicit,
1509 1945 1594 1990 quia
1621 1955 1686 1981 ve-

513 2005 687 2040 recundia
717 2008 771 2041 est
798 2005 954 2040 fraenum
983 2005 1193 2050 mulierum,
1222 2009 1257 2040 et
1284 2005 1466 2041 silentium
1495 2008 1548 2041 est
1574 2015 1686 2041 orna-

511 2068 679 2099 mentum
708 2076 849 2110 earum,
878 2075 961 2110 qua:
1001 2065 1074 2100 duo
1109 2076 1193 2101 raro
1225 2065 1461 2100 inveniuntur
1490 2065 1524 2100 in
1553 2066 1686 2102 mulie-

512 2123 611 2159 ribus
648 2125 855 2169 florentinis,
889 2128 1004 2170 sosser
1039 2129 1140 2169 certe,
1177 2125 1269 2161 sicut
1305 2135 1374 2172 ego
1412 2136 1506 2171 sum,
1544 2127 1581 2160 di
1610 2127 1689 2171 quel

511 2185 570 2218 elce
588 2185 612 2218 'l
636 2185 699 2219 ciel
726 2185 835 2218 veloce
861 2186 939 2218 loro
970 2196 1176 2229 (ιηηηαηηα,
1196 2185 1297 2230 idest,
1330 2185 1399 2221 cito
1438 2189 1621 2231 praeparat
1648 2188 1685 2221 et

574 2311 599 2340 (¹)
618 2313 668 2339 117,
687 2311 837 2335 invectivam
855 2310 1085 2335 mordacissimam.
