1737 2836
349 249 485 275 CANTUS
514 249 704 274 leEsmus
732 247 898 279 QUINTUS.
1160 239 1205 270 95

37 323 83 359 cit
110 326 234 368 poeta:
264 322 324 357 Ille
359 321 538 368 Virgilius,
566 323 675 356 disse:
708 323 836 365 questo,
867 319 1010 363 scilicet,
1039 317 1206 362 dubium,

38 393 109 418 non
132 385 215 427 fora
243 393 264 416 (ι
293 386 322 417 le
346 378 374 416 sl
400 392 502 425 aym,
531 381 631 425 idest,
651 392 723 416 non
751 383 845 416 esset
873 379 934 414 tibi
962 382 1035 414 tam
1063 378 1207 414 difficile

40 443 96 478 vel
131 442 306 487 mirabile,
337 452 373 476 se
403 442 669 485 l'ammenlassi,
705 441 805 485 idest,
836 440 1030 475 reduceres
1066 438 1128 473 tibi
1163 438 1208 473 ad

41 506 212 547 mentem,
228 513 322 537 come
336 503 513 544 Meleagro
531 502 562 535 se?
578 496 756 543 consumo,
774 499 957 545 paullatim
976 499 1156 543 deficiens,
1173 500 1211 532 al

40 573 226 598 consumar
261 563 297 597 cli
329 572 374 596 zm
407 562 509 596 ίίεῑο.
538 560 580 595 Et
612 560 668 595 hic
702 562 797 602 nota,
826 559 950 603 lector,
979 559 1076 604 quod
1103 558 1207 593 multi

41 633 135 668 saepe
154 622 358 667 petiverunt
375 617 409 665 (¹)
428 630 449 655 a
470 630 551 655 me:
580 619 666 664 quid
692 618 776 654 facit
799 618 844 653 ad
867 618 1092 663 propositum
1113 618 1208 653 istud

41 682 249 727 exemplum
268 680 463 726 Meleagri?
485 679 536 714 Ad
559 679 656 724 quod
675 678 754 713 dico
773 677 871 723 quod
893 677 1116 722 comparatio
1136 688 1207 712 non

40 745 159 788 posset
187 741 300 787 magis
328 740 448 776 facere
467 740 511 774 ad
532 739 773 785 propositum:
797 737 890 773 sicut
911 737 1007 773 enim
1028 738 1209 783 Meleager

40 801 86 837 ad
112 800 427 846 consumptionem
456 799 563 834 unius
584 799 716 834 titionis
735 797 921 844 paullatim
941 797 1140 841 deficiebat,
1162 797 1209 832 ita

40 860 97 896 hic
127 860 257 895 umbra
283 859 328 894 ad
354 859 503 894 odorem
533 858 630 904 pomi
662 862 697 893 et
728 867 835 902 aquae
867 867 930 902 per
963 867 1084 892 ramos
1116 856 1210 892 illius

40 919 266 955 decurrentis
294 918 478 964 paullatim
507 917 708 953 macrescit.
734 918 776 952 Et
803 917 896 952 sicut
924 917 1104 963 Meleager
1123 926 1210 951 con—

40 982 208 1024 sumptus
243 981 297 1013 est
327 988 348 1013 a
379 988 488 1013 causa
521 978 741 1021 extrinseca,
779 977 911 1012 scilicet
945 977 991 1012 ab
1024 976 1211 1012 influentia

40 1041 236 1082 astrorum,
256 1038 303 1073 ita
328 1037 458 1072 umbra
487 1037 542 1072 hic
569 1037 798 1072 consumitur
817 1048 836 1071 a
858 1047 968 1071 causa
994 1036 1210 1081 extrinseca,

42 1098 175 1133 scilicet
201 1109 222 1133 a
250 1098 436 1132 voluntate
455 1096 584 1131 divina.
604 1097 671 1131 Alii
697 1100 819 1131 tamen
838 1096 972 1140 dicunt,
996 1096 1091 1141 quod
1113 1106 1211 1130 mors

43 1158 211 1205 Meleagri
238 1157 331 1193 sacta
359 1161 412 1192 est
438 1167 502 1202 per
529 1160 646 1192 artem
668 1156 868 1203 magicam3
888 1160 923 1192 et
945 1159 1030 1191 tunc
1054 1155 1208 1190 multum

44 1218 177 1254 faceret
204 1218 248 1253 ad
276 1217 521 1263 propositum;
550 1227 634 1251 nam
663 1220 749 1251 tuuc
777 1215 897 1262 arguit
917 1226 937 1251 a
960 1215 1101 1259 minori,
1120 1215 1211 1250 sicut

46 1283 142 1314 recte
168 1277 392 1323 Augustinus
419 1276 502 1311 facit
529 1276 563 1310 in
592 1276 683 1311 libro
705 1276 750 1311 de
769 1276 919 1311 Civitate
938 1275 1013 1319 Dei,
1034 1275 1094 1309 uhi
1116 1274 1210 1319 dicit,

43 1338 140 1384 quod
167 1338 194 1373 si
223 1336 474 1383 nigromantici
503 1340 652 1382 possunt
678 1336 828 1382 alligare
862 1335 1033 1370 umbram
1068 1335 1210 1380 corpori

43 1408 164 1442 aereo,
192 1401 329 1442 quanto
359 1396 472 1443 magis
499 1396 659 1441 potentia
686 1396 805 1431 divina
829 1399 944 1441 potest
967 1395 1117 1442 alligare
1135 1395 1212 1430 ani—

45 1468 142 1492 mam
172 1457 244 1503 igni
275 1456 582 1502 corporalil-E
612 1466 657 1491 se.
692 1456 755 1490 Hic
783 1455 951 1501 Virgilius
978 1455 1124 1490 adducit
1155 1465 1213 1490 se—

44 1517 205 1553 cundum
233 1516 442 1561 exemplum
467 1516 633 1550 naturale
652 1515 696 1550 ad
719 1525 828 1549 suun]
859 1515 1096 1560 propositum,
1117 1515 1214 1560 quod

45 1581 98 1613 est
124 1577 168 1612 de
196 1576 363 1623 imagine,
384 1586 466 1620 quac
488 1578 659 1610 movetur
679 1575 712 1609 in
733 1575 881 1620 speculo
903 1574 947 1610 ad
972 1578 1111 1609 motum
1132 1584 1214 1609 cor—

45 1636 140 1683 poris
167 1635 334 1682 oppositi3
363 1635 460 1670 unde
485 1635 587 1670 dicit:
608 1638 639 1669 E
657 1631 709 1669 σίὸ
727 1636 785 1669 che
802 1645 873 1679 par
892 1636 995 1678 deero,
1014 1635 1059 1669 ad
1078 1644 1215 1680 cogno-

47 1696 233 1738 scendum,
261 1697 284 1729 te·
312 1695 486 1739 parrebbe
515 1696 626 1738 vz'zzo,
659 1694 760 1739 idest,
793 1694 980 1730 videretur
1013 1694 1072 1729 tibi
1106 1694 1215 1729 molle

47 1759 83 1791 et
110 1755 222 1799 facile,
258 1766 292 1789 se
313 1755 474 1799 pensassi
499 1764 593 1788 come
620 1758 740 1788 vostra
770 1755 897 1798 iiteaye,
925 1753 1025 1799 idest,
1054 1754 1215 1788 humana

48 1815 179 1860 imago,
206 1816 347 1858 ym'zza,
379 1814 478 1858 idest,
514 1817 782 1858 commovetur,
814 1815 936 1849 dentre)
963 1815 1033 1849 allo
1060 1814 1215 1858 specclzio

48 1876 86 1909 al
111 1878 226 1909 vostro
251 1875 390 1917 guiszo,
419 1873 518 1918 idest,
548 1877 701 1908 motum.
730 1874 772 1908 Et
800 1874 855 1909 hic
888 1877 973 1909 nota
1007 1873 1105 1918 quod
1138 1874 1215 1908 haec

48 1934 270 1980 comparatio
290 1934 446 1968 multum
467 1933 610 1968 videtur
630 1934 750 1969 facere
772 1934 816 1968 ad
841 1934 997 1977 factum3
1017 1934 1102 1977 quia
1125 1933 1217 1968 sicut

49 1994 168 2040 imago
189 1994 401 2039 incorporea
418 1996 587 2028 movetur
603 1993 637 2027 in
654 1993 801 2038 speculo
822 2003 1010 2038 corporeo,
1027 1993 1074 2028 ita
1094 1993 1216 2029 anima

49 2053 282 2099 incorporalis
309 2053 494 2088 cruciatur
523 2053 555 2087 in
583 2063 671 2088 aere
701 2053 899 2098 corporali3
919 2056 954 2088 et
980 2053 1072 2088 sicut
1095 2053 1217 2099 imago

49 2114 143 2149 veuit
162 2109 195 2157 ἕ)
225 2113 270 2148 ab
298 2117 412 2158 extra,
434 2113 480 2148 ita
509 2113 624 2158 passio
653 2113 751 2148 venit
777 2113 823 2147 ab
850 2116 953 2148 extra
981 2113 1015 2147 in
1043 2113 1215 2149 animam.

48 2172 118 2208 Sed
136 2173 220 2218 quia
240 2184 330 2218 opus
349 2176 402 2208 est
423 2172 549 2207 maiori
569 2172 800 2217 discussione,
822 2172 902 2208 ideo
924 2172 1093 2219 Virgilius
1116 2183 1218 2209 com-

112 2267 136 2293 (')
157 2269 208 2294 117,
226 2267 368 2296 petiverant
384 2274 397 2290 a
416 2274 456 2289 me
472 2267 531 2296 quid
549 2266 632 2289 saciat.

112 2305 138 2333 ς’)
158 2307 210 2332 117,
229 2306 295 2328 venit
313 2305 337 2328 in
355 2305 488 2335 speculum
506 2305 537 2327 ab
553 2307 633 2328 extra.
