1766 2856
499 241 543 271 42
835 243 1039 270 COMENTUM
1066 242 1284 268 Pt‘RGATORII

496 318 592 354 enim
622 317 750 352 vitium
778 320 829 352 est
848 312 882 360 ζ’)
912 315 1062 351 bestiale
1083 315 1200 359 nimis,
1221 314 1255 349 in
1278 313 1376 358 quod
1404 315 1553 351 faciliter
1579 316 1670 351 labi-

497 388 582 412 mur
608 376 751 422 impulsi
779 375 934 410 naturali
962 375 1211 419 delectatione,
1239 385 1352 419 quam
1386 378 1518 410 natura
1549 375 1668 421 posuit

496 439 531 473 in
559 441 668 484 gustu
695 436 741 471 ad
767 435 1091 471 substentationem
1115 434 1207 469 vitae.
1228 435 1330 470 Nunc
1358 435 1460 470 litera
1479 435 1667 481 apparebit

496 499 606 541 clara,
633 507 715 541 quae
743 496 842 541 prius
869 499 948 531 erat
975 496 1141 530 obscura.
1170 495 1260 529 Dicit
1288 505 1377 541 ergo
1405 499 1510 540 poeta
1527 491 1584 539 (ἧς
1606 497 1668 530 JJa

494 568 564 592 uno
582 557 693 591 arbor
707 556 764 590 che
779 559 973 590 trovammo
988 557 1020 589 in
1040 565 1162 589 mezzo
1181 556 1318 598 strada,
1336 555 1509 590 mirabilis
1529 555 1667 600 formae,

494 627 558 651 con
580 618 679 661 pomi
704 617 753 650 ad
778 617 913 650 odoror
938 617 1039 650 soavi
1064 626 1081 649 e
1107 616 1222 658 buoni,
1251 619 1291 649 ut
1312 615 1426 661 magis
1453 615 1611 650 alliciant
1632 619 1669 651 et

495 676 670 721 crucient,
699 679 784 710 costo
817 686 926 720 ruppe
964 677 993 710 le
1032 677 1122 709 dolce?
1160 676 1314 718 rayiom',
1342 675 1442 716 idest„
1476 675 1669 721 interrupit

494 736 613 771 dulcia
640 735 819 780 colloquia
848 734 981 781 Virgilii
1009 738 1044 769 et
1072 734 1182 778 Statii,
1211 744 1293 778 quae
1328 745 1400 769 non
1435 735 1556 769 minus
1589 735 1669 770 alli-

494 795 636 831 ciebant
663 795 829 831 animum
857 805 996 839 meum,
1016 805 1127 839 quam
1148 794 1212 828 ista
1234 804 1340 839 poma
1362 798 1523 840 gustum.
1544 795 1586 829 Et
1605 795 1669 831 de-

494 856 607 891 clarat
627 855 781 890 sormam
797 854 939 889 arboris
953 864 1018 899 per
1034 864 1144 888 unam
1162 854 1473 899 comparationem
1490 855 1667 900 pulcram,

493 915 635 950 diceus:
664 926 681 949 e
707 925 801 949 come
827 915 920 948 abele
946 916 981 948 in
1015 915 1085 948 allo
1111 915 1141 948 si
1166 915 1334 957 cliffl'ada,
1362 924 1491 949 versus
1517 915 1666 960 coelum,

493 976 530 1009 cli
554 984 658 1009 ramo
683 975 717 1008 in
744 984 859 1018 ramo,
887 984 951 1019 per
979 974 1112 1008 multos
1147 974 1293 1019 gradus,
1322 970 1391 1008 cosi
1419 975 1543 1018 quello,
1566 974 1669 1019 idest,

494 1035 551 1069 illa
578 1034 689 1069 arbor
716 1033 903 1079 pomifera,
932 1034 1068 1079 supple,
1096 1033 1366 1080 degradabatur
1399 1034 1456 1079 ibi,
1495 1036 1527 1068 ιή
1555 1036 1668 1078 muso,

493 1104 622 1130 versus
650 1098 798 1129 terram.
828 1094 869 1128 Et
896 1094 1053 1139 assignat
1073 1104 1221 1129 causam
1244 1094 1386 1129 dicens:
1406 1095 1498 1128 crecI’
1515 1096 1560 1138 1'0,
1585 1105 1669 1138 per—

493 1153 552 1189 che*
571 1164 728 1198 persona
763 1164 802 1189 su
839 1164 907 1187 non
937 1154 1041 1198 vada,
1070 1153 1114 1188 ad
1140 1153 1383 1199 colligendum
1412 1157 1447 1189 et
1473 1154 1670 1190 comeden-

493 1214 581 1249 dum
609 1214 653 1249 de
681 1214 802 1249 fructu
831 1214 918 1248 eius.
939 1214 982 1248 Et
1000 1213 1081 1248 vide
1108 1213 1205 1258 quod
1224 1213 1448 1259 comparatio
1468 1214 1596 1249 abletis
1616 1217 1670 1250 est

493 1273 598 1309 valde
624 1273 780 1319 propria,
802 1273 941 1308 ratione
964 1273 1172 1318 altitudinis,
1193 1273 1416 1308 rectitudinis
1443 1276 1478 1308 et
1505 1273 1669 1309 diverso-

495 1344 578 1368 rum
606 1333 808 1379 graduum,
832 1333 880 1368 ita
906 1333 993 1379 gula
1012 1333 1119 1368 habet
1143 1332 1418 1379 longitudinem,
1442 1333 1669 1378 profundita-

493 1396 565 1428 tem
595 1396 630 1428 et
657 1393 818 1428 diversos
846 1403 979 1437 ramos,
1008 1393 1098 1428 idest
1125 1392 1427 1438 multiplicitatem
1460 1394 1665 1438 epularum.

492 1454 534 1488 Et
553 1453 673 1488 subdit
686 1448 721 1497 δ’)
745 1456 870 1498 potum
890 1456 969 1498 post
988 1453 1110 1488 cibum
1131 1452 1296 1497 vetitum,
1316 1452 1457 1488 dicens:
1482 1455 1533 1488 Un
1556 1455 1669 1498 liquor

492 1514 625 1555 chiam,
654 1512 798 1557 scilicet,
826 1522 921 1557 aqua
950 1523 1053 1557 pura,
1081 1513 1190 1546 eaden
1217 1513 1384 1547 dall’alca
1414 1514 1546 1556 νοσσία,
1566 1513 1668 1558 idest,

494 1573 580 1618 ripa,
608 1573 670 1607 dal
703 1574 772 1607 lato
804 1574 893 1606 oncle
912 1573 936 1606 ’l
964 1573 1077 1606 camin
1109 1576 1229 1606 nostro
1263 1583 1325 1606 era
1357 1573 1484 1616 clzizcso,
1522 1573 1668 1619 scilicet,

491 1642 512 1667 a
540 1635 643 1677 parte
662 1632 793 1667 montis
820 1636 856 1667 et
881 1632 964 1666 altae
983 1635 1102 1676 costae,
1122 1642 1139 1665 e
1157 1634 1187 1666 se·
1207 1633 1386 1676 spamleva
1402 1643 1468 1677 per
1495 1634 1524 1667 le
1546 1634 1668 1678 scylle,

492 1691 594 1736 idest,
622 1692 766 1728 frondes
793 1702 997 1736 ramorum,
1025 1702 1118 1735 suso,
1156 1702 1283 1727 versus
1310 1692 1458 1737 coelum,
1486 1702 1551 1738 per
1580 1703 1668 1729 con-

492 1752 648 1787 trarium
676 1752 831 1788 aliarum
859 1762 1055 1797 aquarum,
1085 1752 1131 1787 ita
1160 1751 1257 1796 quod
1289 1752 1405 1797 gulosi
1439 1752 1601 1788 videntes
1633 1757 1669 1788 et

493 1822 564 1846 non
586 1812 746 1847 valentes
764 1812 954 1858 attingere,
974 1812 1091 1858 magis
1109 1811 1371 1847 cruciabantur
1391 1812 1457 1846 siti.
1473 1832 1520 1837 —
1537 1814 1574 1847 Lt'
1591 1814 1666 1848 due.

492 1871 596 1906 Nunc
623 1874 729 1916 poeta
752 1871 857 1907 docet
876 1871 992 1907 vitare
1011 1871 1138 1906 vitium
1158 1871 1254 1917 gulae
1274 1871 1412 1918 lingens
1434 1882 1561 1908 vocem
1582 1882 1668 1918 pro-

491 1931 624 1966 cedere
650 1931 696 1966 ab
723 1931 867 1976 arbore,
896 1942 978 1977 quae
1006 1931 1185 1966 interdicit
1212 1931 1320 1966 istum
1349 1932 1471 1967 cibum
1500 1932 1665 1967 vetitum.

490 1991 591 2026 Unde
618 1991 718 2026 dicit:
748 1993 787 2026 Li
811 1992 876 2026 dne
898 1993 1003 2036 poeti,
1032 1991 1201 2037 Virgilius
1233 1995 1267 2026 et
1295 1992 1440 2037 Statius,
1468 2003 1490 2026 α
1518 1992 1665 2027 I’arbor

490 2052 516 2085 s'
533 2061 760 2094 oppressare,
785 2051 829 2086 ad
852 2051 1157 2087 considerandum
1178 2051 1271 2086 istud
1291 2052 1360 2087 vile
1380 2052 1519 2097 vitium,
1540 2057 1572 2088 el
1594 2063 1665 2088 ιιηιι

494 2121 574 2145 voce
595 2106 698 2153 9225ch
712 2122 780 2154 per
798 2115 898 2146 entro
925 2113 954 2146 le
977 2113 1126 2157 fronde:
1144 2113 1181 2146 cle?
1198 2116 1313 2156 questo
1339 2113 1412 2146 cibo
1431 2116 1547 2147 ‹zm-ece
1565 2124 1664 2156 caro,

491 2171 592 2215 idest,
620 2170 873 2216 caritudinem,
900 2172 1094 2216 caristiam,
1120 2172 1205 2217 quia
1234 2172 1336 2218 copia
1363 2173 1528 2208 ciborum
1557 2173 1666 2208 debet

554 2262 580 2290 (¹)
598 2262 627 2285 E.
644 2265 681 2285 est
700 2269 801 2292 sempor
819 2263 930 2286 bestiale.
1168 2262 1195 2293 (¹)
1212 2265 1241 2288 E.
1260 2268 1333 2295 poeta
1351 2267 1452 2289 noster:
1471 2265 1524 2288 Ma.

553 2300 579 2329 (¹)
597 2300 627 2323 E.
645 2300 728 2324 subdit
746 2303 819 2331 poeta
838 2304 936 2331 potum.
989 2321 997 2325 ,
