<?xml version="1.0" encoding="UTF-8"?>
<!DOCTYPE html PUBLIC "-//W3C//DTD XHTML 1.0 Transitional//EN"
    "http://www.w3.org/TR/xhtml1/DTD/xhtml1-transitional.dtd">
<html xmlns="http://www.w3.org/1999/xhtml" xml:lang="en" lang="en">
 <head>
  <title>
</title>
<meta http-equiv="Content-Type" content="text/html;charset=utf-8" />
  <meta name='ocr-system' content='tesseract 3.04.00' />
  <meta name='ocr-capabilities' content='ocr_page ocr_carea ocr_par ocr_line ocrx_word'/>
</head>
<body>
  <div class='ocr_page' id='page_1' title='image "./comentumsuperdan04benvuoft_0030.png"; bbox 0 0 1766 2856; ppageno 0'>
   <div class='ocr_carea' id='block_1_1' title="bbox 542 237 1346 269">
    <p class='ocr_par' dir='ltr' id='par_1_1' title="bbox 542 237 1346 269">
     <span class='ocr_line' id='line_1_1' title="bbox 542 237 1346 269; baseline 0 -1"><span class='ocrx_word' id='word_1_1' title='bbox 542 237 585 268; x_wconf 86' lang='lat'>18</span> <span class='ocrx_word' id='word_1_2' title='bbox 900 243 1101 269; x_wconf 81' lang='lat' dir='ltr'><strong>COMENTUM</strong></span> <span class='ocrx_word' id='word_1_3' title='bbox 1128 243 1346 268; x_wconf 73' lang='lat' dir='ltr'>PURGATORII</span> 
     </span>
    </p>
   </div>
   <div class='ocr_carea' id='block_1_2' title="bbox 530 315 1706 2159">
    <p class='ocr_par' dir='ltr' id='par_1_2' title="bbox 531 315 1706 902">
     <span class='ocr_line' id='line_1_2' title="bbox 535 315 1706 364; baseline 0.002 -12"><span class='ocrx_word' id='word_1_4' title='bbox 535 316 597 352; x_wconf 88' lang='lat' dir='ltr'>sed</span> <span class='ocrx_word' id='word_1_5' title='bbox 625 316 734 352; x_wconf 86' lang='lat' dir='ltr'>etiam</span> <span class='ocrx_word' id='word_1_6' title='bbox 762 316 796 350; x_wconf 85' lang='lat' dir='ltr'>in</span> <span class='ocrx_word' id='word_1_7' title='bbox 824 315 1004 359; x_wconf 80' lang='lat' dir='ltr'>omnibus,</span> <span class='ocrx_word' id='word_1_8' title='bbox 1032 318 1073 349; x_wconf 89' lang='lat' dir='ltr'>ut</span> <span class='ocrx_word' id='word_1_9' title='bbox 1107 325 1178 350; x_wconf 92' lang='lat' dir='ltr'>non</span> <span class='ocrx_word' id='word_1_10' title='bbox 1213 315 1395 352; x_wconf 85' lang='lat' dir='ltr'>immerito</span> <span class='ocrx_word' id='word_1_11' title='bbox 1429 317 1473 352; x_wconf 88' lang='lat' dir='ltr'>sit</span> <span class='ocrx_word' id='word_1_12' title='bbox 1505 318 1706 364; x_wconf 87' lang='lat' dir='ltr'>appellatus</span> 
     </span>
     <span class='ocr_line' id='line_1_3' title="bbox 533 375 1705 422; baseline 0.001 -10"><span class='ocrx_word' id='word_1_13' title='bbox 533 377 637 412; x_wconf 85' lang='lat' dir='ltr'>simia</span> <span class='ocrx_word' id='word_1_14' title='bbox 665 376 812 422; x_wconf 86' lang='lat' dir='ltr'>Virgilii.</span> <span class='ocrx_word' id='word_1_15' title='bbox 841 376 883 410; x_wconf 87' lang='lat' dir='ltr'>Et</span> <span class='ocrx_word' id='word_1_16' title='bbox 910 375 1091 410; x_wconf 82' lang='lat' dir='ltr'>concludit</span> <span class='ocrx_word' id='word_1_17' title='bbox 1110 375 1244 410; x_wconf 76' lang='lat' dir='ltr'>Statius</span> <span class='ocrx_word' id='word_1_18' title='bbox 1264 375 1544 412; x_wconf 80' lang='lat' dir='ltr'>immensitatem</span> <span class='ocrx_word' id='word_1_19' title='bbox 1568 378 1705 413; x_wconf 85' lang='lat' dir='ltr'>amoris</span> 
     </span>
     <span class='ocr_line' id='line_1_4' title="bbox 533 434 1703 482; baseline 0 -10"><span class='ocrx_word' id='word_1_20' title='bbox 533 447 645 482; x_wconf 86' lang='lat' dir='ltr'>quem</span> <span class='ocrx_word' id='word_1_21' title='bbox 673 436 796 471; x_wconf 85' lang='lat' dir='ltr'>babuit</span> <span class='ocrx_word' id='word_1_22' title='bbox 829 445 974 480; x_wconf 83' lang='lat' dir='ltr'>semper</span> <span class='ocrx_word' id='word_1_23' title='bbox 1007 435 1052 469; x_wconf 90' lang='lat' dir='ltr'>ad</span> <span class='ocrx_word' id='word_1_24' title='bbox 1078 434 1282 481; x_wconf 83' lang='lat' dir='ltr'>Virgilium,</span> <span class='ocrx_word' id='word_1_25' title='bbox 1309 435 1450 470; x_wconf 89' lang='lat' dir='ltr'>dicens:</span> <span class='ocrx_word' id='word_1_26' title='bbox 1479 447 1496 471; x_wconf 86' lang='lat' dir='ltr'>e</span> <span class='ocrx_word' id='word_1_27' title='bbox 1522 439 1703 472; x_wconf 65' lang='lat' dir='ltr'>assentiret</span> 
     </span>
     <span class='ocr_line' id='line_1_5' title="bbox 532 493 1704 542; baseline 0.001 -11"><span class='ocrx_word' id='word_1_28' title='bbox 532 508 576 531; x_wconf 76' lang='lat' dir='ltr'>zm</span> <span class='ocrx_word' id='word_1_29' title='bbox 604 498 687 539; x_wconf 82' lang='lat' dir='ltr'>sole,</span> <span class='ocrx_word' id='word_1_30' title='bbox 715 495 816 540; x_wconf 84' lang='lat' dir='ltr'>idest,</span> <span class='ocrx_word' id='word_1_31' title='bbox 845 505 959 530; x_wconf 90' lang='lat' dir='ltr'>unum</span> <span class='ocrx_word' id='word_1_32' title='bbox 978 505 1116 530; x_wconf 86' lang='lat' dir='ltr'>annum</span> <span class='ocrx_word' id='word_1_33' title='bbox 1146 495 1315 540; x_wconf 86' lang='lat' dir='ltr'>solarem,</span> <span class='ocrx_word' id='word_1_34' title='bbox 1333 493 1395 540; x_wconf 63' lang='lat' dir='ltr'>pii)</span> <span class='ocrx_word' id='word_1_35' title='bbox 1413 497 1463 530; x_wconf 76' lang='lat' dir='ltr'>clz&#39;</span> <span class='ocrx_word' id='word_1_36' title='bbox 1478 498 1511 531; x_wconf 79' lang='lat' dir='ltr'>io</span> <span class='ocrx_word' id='word_1_37' title='bbox 1530 508 1600 531; x_wconf 78' lang='lat' dir='ltr'>non</span> <span class='ocrx_word' id='word_1_38' title='bbox 1618 499 1704 542; x_wconf 74' lang='lat' dir='ltr'>dey-</span> 
     </span>
     <span class='ocr_line' id='line_1_6' title="bbox 531 555 1703 601; baseline 0.001 -10"><span class='ocrx_word' id='word_1_39' title='bbox 531 559 602 601; x_wconf 74' lang='grc' dir='ltr'>φῗο,</span> <span class='ocrx_word' id='word_1_40' title='bbox 638 557 831 601; x_wconf 81' lang='lat' dir='ltr'>plusquam</span> <span class='ocrx_word' id='word_1_41' title='bbox 858 555 1011 591; x_wconf 86' lang='lat' dir='ltr'>debeam</span> <span class='ocrx_word' id='word_1_42' title='bbox 1034 555 1143 601; x_wconf 82' lang='lat' dir='ltr'>justae</span> <span class='ocrx_word' id='word_1_43' title='bbox 1171 565 1288 600; x_wconf 82' lang='lat' dir='ltr'>poenae</span> <span class='ocrx_word' id='word_1_44' title='bbox 1322 566 1425 601; x_wconf 82' lang='lat' dir='ltr'>meae,</span> <span class='ocrx_word' id='word_1_45' title='bbox 1453 558 1491 591; x_wconf 81' lang='lat' dir='ltr'>al</span> <span class='ocrx_word' id='word_1_46' title='bbox 1515 559 1583 592; x_wconf 73' lang='lat' dir='ltr'>mio</span> <span class='ocrx_word' id='word_1_47' title='bbox 1610 559 1703 592; x_wconf 73' lang='lat' dir='ltr'>uscir</span> 
     </span>
     <span class='ocr_line' id='line_1_7' title="bbox 533 615 1705 660; baseline 0.002 -9"><span class='ocrx_word' id='word_1_48' title='bbox 533 619 568 652; x_wconf 78' lang='lat' dir='ltr'>di</span> <span class='ocrx_word' id='word_1_49' title='bbox 595 617 723 659; x_wconf 71' lang='lat' dir='ltr'>hanclo,</span> <span class='ocrx_word' id='word_1_50' title='bbox 753 616 854 659; x_wconf 87' lang='lat' dir='ltr'>idest,</span> <span class='ocrx_word' id='word_1_51' title='bbox 881 615 926 650; x_wconf 89' lang='lat' dir='ltr'>de</span> <span class='ocrx_word' id='word_1_52' title='bbox 954 615 1060 650; x_wconf 79' lang='lat' dir='ltr'>exilio</span> <span class='ocrx_word' id='word_1_53' title='bbox 1088 615 1299 660; x_wconf 82' lang='lat' dir='ltr'>purgatorii,</span> <span class='ocrx_word' id='word_1_54' title='bbox 1330 626 1395 660; x_wconf 79' lang='lat' dir='ltr'>per</span> <span class='ocrx_word' id='word_1_55' title='bbox 1422 627 1514 650; x_wconf 80' lang='lat' dir='ltr'>esser</span> <span class='ocrx_word' id='word_1_56' title='bbox 1534 619 1645 652; x_wconf 75' lang='grc' dir='ltr'>υῑυιιίο</span> <span class='ocrx_word' id='word_1_57' title='bbox 1666 618 1705 653; x_wconf 85' lang='lat' dir='ltr'>di</span> 
     </span>
     <span class='ocr_line' id='line_1_8' title="bbox 532 672 1704 721; baseline -0.001 -9"><span class='ocrx_word' id='word_1_58' title='bbox 532 672 581 720; x_wconf 72' lang='lat' dir='ltr'>ld,</span> <span class='ocrx_word' id='word_1_59' title='bbox 609 676 753 720; x_wconf 90' lang='lat' dir='ltr'>scilicet,</span> <span class='ocrx_word' id='word_1_60' title='bbox 782 675 816 710; x_wconf 93' lang='lat' dir='ltr'>in</span> <span class='ocrx_word' id='word_1_61' title='bbox 844 675 981 709; x_wconf 86' lang='lat' dir='ltr'>mundo</span> <span class='ocrx_word' id='word_1_62' title='bbox 1008 675 1109 709; x_wconf 82' lang='lat' dir='ltr'>istius</span> <span class='ocrx_word' id='word_1_63' title='bbox 1134 674 1297 719; x_wconf 71' lang='lat' dir='ltr'>viventis,</span> <span class='ocrx_word' id='word_1_64' title='bbox 1317 677 1458 719; x_wconf 77' lang='lat' dir='ltr'>qnando</span> <span class='ocrx_word' id='word_1_65' title='bbox 1479 678 1564 711; x_wconf 68' lang='lat' dir='ltr'>risse</span> <span class='ocrx_word' id='word_1_66' title='bbox 1592 678 1704 721; x_wconf 64' lang='lat' dir='ltr'>Virm-</span> 
     </span>
     <span class='ocr_line' id='line_1_9' title="bbox 533 734 1702 781; baseline 0.001 -10"><span class='ocrx_word' id='word_1_67' title='bbox 533 738 600 781; x_wconf 71' lang='lat' dir='ltr'>lefo,·</span> <span class='ocrx_word' id='word_1_68' title='bbox 629 736 731 781; x_wconf 84' lang='lat' dir='ltr'>quasi</span> <span class='ocrx_word' id='word_1_69' title='bbox 754 736 847 771; x_wconf 88' lang='lat' dir='ltr'>dicat</span> <span class='ocrx_word' id='word_1_70' title='bbox 870 735 1022 770; x_wconf 83' lang='lat' dir='ltr'>Statius:</span> <span class='ocrx_word' id='word_1_71' title='bbox 1043 744 1111 780; x_wconf 87' lang='lat' dir='ltr'>ego</span> <span class='ocrx_word' id='word_1_72' title='bbox 1131 734 1260 769; x_wconf 78' lang='lat' dir='ltr'>vellem</span> <span class='ocrx_word' id='word_1_73' title='bbox 1281 735 1325 770; x_wconf 85' lang='lat' dir='ltr'>de</span> <span class='ocrx_word' id='word_1_74' title='bbox 1345 739 1448 780; x_wconf 83' lang='lat' dir='ltr'>pacto</span> <span class='ocrx_word' id='word_1_75' title='bbox 1468 740 1566 772; x_wconf 85' lang='lat' dir='ltr'>stare</span> <span class='ocrx_word' id='word_1_76' title='bbox 1583 737 1702 772; x_wconf 87' lang='lat' dir='ltr'>adbuc</span> 
     </span>
     <span class='ocr_line' id='line_1_10' title="bbox 533 794 1701 842; baseline 0.001 -11"><span class='ocrx_word' id='word_1_77' title='bbox 533 806 597 842; x_wconf 92' lang='lat' dir='ltr'>per</span> <span class='ocrx_word' id='word_1_78' title='bbox 624 806 763 831; x_wconf 86' lang='lat' dir='ltr'>annum</span> <span class='ocrx_word' id='word_1_79' title='bbox 790 795 826 830; x_wconf 88' lang='lat' dir='ltr'>in</span> <span class='ocrx_word' id='word_1_80' title='bbox 854 794 1076 841; x_wconf 81' lang='lat' dir='ltr'>purgatorio,</span> <span class='ocrx_word' id='word_1_81' title='bbox 1106 798 1142 829; x_wconf 89' lang='lat' dir='ltr'>et</span> <span class='ocrx_word' id='word_1_82' title='bbox 1176 794 1284 829; x_wconf 87' lang='lat' dir='ltr'>fuisse</span> <span class='ocrx_word' id='word_1_83' title='bbox 1318 794 1377 829; x_wconf 91' lang='lat' dir='ltr'>illo</span> <span class='ocrx_word' id='word_1_84' title='bbox 1411 799 1576 841; x_wconf 89' lang='lat' dir='ltr'>tempore</span> <span class='ocrx_word' id='word_1_85' title='bbox 1609 796 1701 832; x_wconf 88' lang='lat' dir='ltr'>felici</span> 
     </span>
     <span class='ocr_line' id='line_1_11' title="bbox 531 853 1320 902; baseline -0.005 -11"><span class='ocrx_word' id='word_1_86' title='bbox 531 856 599 892; x_wconf 89' lang='lat' dir='ltr'>sub</span> <span class='ocrx_word' id='word_1_87' title='bbox 626 857 801 902; x_wconf 80' lang='lat' dir='ltr'>Augusto,</span> <span class='ocrx_word' id='word_1_88' title='bbox 831 865 903 900; x_wconf 91' lang='lat' dir='ltr'>quo</span> <span class='ocrx_word' id='word_1_89' title='bbox 921 853 955 898; x_wconf 55' lang='grc' dir='ltr'>ς’)</span> <span class='ocrx_word' id='word_1_90' title='bbox 984 854 1113 889; x_wconf 88' lang='lat' dir='ltr'>claruit</span> <span class='ocrx_word' id='word_1_91' title='bbox 1141 853 1320 900; x_wconf 83' lang='lat' dir='ltr'>Virgilius.</span> 
     </span>
    </p>

    <p class='ocr_par' dir='ltr' id='par_1_3' title="bbox 530 914 1706 2159">
     <span class='ocr_line' id='line_1_12' title="bbox 613 914 1704 962; baseline 0.002 -12"><span class='ocrx_word' id='word_1_92' title='bbox 613 917 739 951; x_wconf 71' lang='lat' dir='ltr'>Volser.</span> <span class='ocrx_word' id='word_1_93' title='bbox 760 916 828 950; x_wconf 89' lang='lat' dir='ltr'>Ista</span> <span class='ocrx_word' id='word_1_94' title='bbox 852 918 905 950; x_wconf 88' lang='lat' dir='ltr'>est</span> <span class='ocrx_word' id='word_1_95' title='bbox 925 918 1054 960; x_wconf 86' lang='lat' dir='ltr'>quarta</span> <span class='ocrx_word' id='word_1_96' title='bbox 1078 917 1113 949; x_wconf 90' lang='lat' dir='ltr'>et</span> <span class='ocrx_word' id='word_1_97' title='bbox 1142 914 1267 949; x_wconf 87' lang='lat' dir='ltr'>ultima</span> <span class='ocrx_word' id='word_1_98' title='bbox 1292 925 1375 960; x_wconf 86' lang='lat' dir='ltr'>pars</span> <span class='ocrx_word' id='word_1_99' title='bbox 1397 915 1554 961; x_wconf 71' lang='lat' dir='ltr'>capituli,</span> <span class='ocrx_word' id='word_1_100' title='bbox 1574 916 1609 951; x_wconf 91' lang='lat' dir='ltr'>in</span> <span class='ocrx_word' id='word_1_101' title='bbox 1630 928 1704 962; x_wconf 87' lang='lat' dir='ltr'>qua</span> 
     </span>
     <span class='ocr_line' id='line_1_13' title="bbox 530 971 1704 1023; baseline 0.001 -12"><span class='ocrx_word' id='word_1_102' title='bbox 530 979 636 1023; x_wconf 92' lang='lat' dir='ltr'>poeta</span> <span class='ocrx_word' id='word_1_103' title='bbox 676 975 831 1011; x_wconf 86' lang='lat' dir='ltr'>ostendit</span> <span class='ocrx_word' id='word_1_104' title='bbox 866 974 1021 1020; x_wconf 84' lang='lat' dir='ltr'>qualiter</span> <span class='ocrx_word' id='word_1_105' title='bbox 1062 974 1137 1019; x_wconf 89' lang='lat' dir='ltr'>ipse</span> <span class='ocrx_word' id='word_1_106' title='bbox 1174 974 1416 1010; x_wconf 79' lang='lat' dir='ltr'>manifestavit</span> <span class='ocrx_word' id='word_1_107' title='bbox 1436 971 1472 1019; x_wconf 41' lang='grc' dir='ltr'>(ᾖ)</span> <span class='ocrx_word' id='word_1_108' title='bbox 1515 976 1704 1023; x_wconf 82' lang='lat' dir='ltr'>Virgilium</span> 
     </span>
     <span class='ocr_line' id='line_1_14' title="bbox 532 1030 1705 1082; baseline 0.001 -11"><span class='ocrx_word' id='word_1_109' title='bbox 532 1036 656 1081; x_wconf 80' lang='lat' dir='ltr'>Statio,</span> <span class='ocrx_word' id='word_1_110' title='bbox 684 1036 746 1081; x_wconf 89' lang='lat' dir='ltr'>qui</span> <span class='ocrx_word' id='word_1_111' title='bbox 774 1039 847 1070; x_wconf 89' lang='lat' dir='ltr'>tam</span> <span class='ocrx_word' id='word_1_112' title='bbox 877 1035 991 1069; x_wconf 89' lang='lat' dir='ltr'>multa</span> <span class='ocrx_word' id='word_1_113' title='bbox 1012 1034 1217 1069; x_wconf 83' lang='lat' dir='ltr'>contulerat</span> <span class='ocrx_word' id='word_1_114' title='bbox 1241 1044 1325 1069; x_wconf 87' lang='lat' dir='ltr'>cum</span> <span class='ocrx_word' id='word_1_115' title='bbox 1347 1034 1493 1081; x_wconf 82' lang='lat' dir='ltr'>Virgilio</span> <span class='ocrx_word' id='word_1_116' title='bbox 1509 1030 1545 1079; x_wconf 55' lang='lat'>(³)</span> <span class='ocrx_word' id='word_1_117' title='bbox 1564 1036 1609 1071; x_wconf 91' lang='lat' dir='ltr'>de</span> <span class='ocrx_word' id='word_1_118' title='bbox 1628 1037 1705 1082; x_wconf 89' lang='lat' dir='ltr'>ipso</span> 
     </span>
     <span class='ocr_line' id='line_1_15' title="bbox 533 1094 1705 1142; baseline 0 -11"><span class='ocrx_word' id='word_1_119' title='bbox 533 1096 680 1142; x_wconf 76' lang='lat' dir='ltr'>Virgilio</span> <span class='ocrx_word' id='word_1_120' title='bbox 708 1106 779 1131; x_wconf 93' lang='lat' dir='ltr'>non</span> <span class='ocrx_word' id='word_1_121' title='bbox 807 1104 1030 1141; x_wconf 84' lang='lat' dir='ltr'>cognoscens</span> <span class='ocrx_word' id='word_1_122' title='bbox 1052 1103 1150 1129; x_wconf 87' lang='lat' dir='ltr'>eum.</span> <span class='ocrx_word' id='word_1_123' title='bbox 1171 1094 1213 1128; x_wconf 84' lang='lat' dir='ltr'>Et</span> <span class='ocrx_word' id='word_1_124' title='bbox 1232 1094 1350 1139; x_wconf 87' lang='lat' dir='ltr'>primo</span> <span class='ocrx_word' id='word_1_125' title='bbox 1372 1095 1526 1130; x_wconf 88' lang='lat' dir='ltr'>ostendit</span> <span class='ocrx_word' id='word_1_126' title='bbox 1549 1096 1705 1140; x_wconf 86' lang='lat' dir='ltr'>qualiter</span> 
     </span>
     <span class='ocr_line' id='line_1_16' title="bbox 534 1149 1706 1203; baseline 0 -12"><span class='ocrx_word' id='word_1_127' title='bbox 534 1156 702 1203; x_wconf 85' lang='lat' dir='ltr'>Virgilius</span> <span class='ocrx_word' id='word_1_128' title='bbox 730 1154 942 1201; x_wconf 86' lang='lat' dir='ltr'>imposuerit</span> <span class='ocrx_word' id='word_1_129' title='bbox 957 1149 992 1198; x_wconf 47' lang='grc' dir='ltr'>β)</span> <span class='ocrx_word' id='word_1_130' title='bbox 1023 1154 1086 1188; x_wconf 89' lang='lat' dir='ltr'>sibi</span> <span class='ocrx_word' id='word_1_131' title='bbox 1106 1153 1301 1198; x_wconf 84' lang='lat' dir='ltr'>silentium,</span> <span class='ocrx_word' id='word_1_132' title='bbox 1321 1154 1382 1189; x_wconf 85' lang='lat' dir='ltr'>scd</span> <span class='ocrx_word' id='word_1_133' title='bbox 1403 1154 1476 1200; x_wconf 87' lang='lat' dir='ltr'>ipse</span> <span class='ocrx_word' id='word_1_134' title='bbox 1498 1165 1570 1190; x_wconf 94' lang='lat' dir='ltr'>non</span> <span class='ocrx_word' id='word_1_135' title='bbox 1589 1156 1706 1201; x_wconf 87' lang='lat' dir='ltr'>potuit</span> 
     </span>
     <span class='ocr_line' id='line_1_17' title="bbox 533 1213 1703 1252; baseline -0.001 -1"><span class='ocrx_word' id='word_1_136' title='bbox 533 1216 721 1252; x_wconf 88' lang='lat' dir='ltr'>continere</span> <span class='ocrx_word' id='word_1_137' title='bbox 747 1226 785 1250; x_wconf 89' lang='lat' dir='ltr'>se</span> <span class='ocrx_word' id='word_1_138' title='bbox 812 1226 832 1250; x_wconf 87' lang='lat' dir='ltr'>a</span> <span class='ocrx_word' id='word_1_139' title='bbox 862 1215 947 1249; x_wconf 86' lang='lat' dir='ltr'>risu.</span> <span class='ocrx_word' id='word_1_140' title='bbox 983 1214 1023 1248; x_wconf 88' lang='lat' dir='ltr'>Et</span> <span class='ocrx_word' id='word_1_141' title='bbox 1054 1213 1098 1248; x_wconf 89' lang='lat' dir='ltr'>ad</span> <span class='ocrx_word' id='word_1_142' title='bbox 1133 1213 1388 1249; x_wconf 83' lang='lat' dir='ltr'>declarandam</span> <span class='ocrx_word' id='word_1_143' title='bbox 1421 1214 1525 1249; x_wconf 83' lang='lat' dir='ltr'>istam</span> <span class='ocrx_word' id='word_1_144' title='bbox 1560 1215 1703 1251; x_wconf 88' lang='lat' dir='ltr'>literam</span> 
     </span>
     <span class='ocr_line' id='line_1_18' title="bbox 533 1274 1705 1321; baseline -0.001 -9"><span class='ocrx_word' id='word_1_145' title='bbox 533 1277 665 1312; x_wconf 82' lang='lat' dir='ltr'>sortem</span> <span class='ocrx_word' id='word_1_146' title='bbox 693 1279 747 1311; x_wconf 88' lang='lat' dir='ltr'>est</span> <span class='ocrx_word' id='word_1_147' title='bbox 774 1276 891 1321; x_wconf 91' lang='lat' dir='ltr'>primo</span> <span class='ocrx_word' id='word_1_148' title='bbox 927 1274 1140 1318; x_wconf 80' lang='lat' dir='ltr'>notandum,</span> <span class='ocrx_word' id='word_1_149' title='bbox 1168 1274 1265 1318; x_wconf 88' lang='lat' dir='ltr'>quod</span> <span class='ocrx_word' id='word_1_150' title='bbox 1298 1274 1489 1319; x_wconf 87' lang='lat' dir='ltr'>appetitus,</span> <span class='ocrx_word' id='word_1_151' title='bbox 1523 1275 1614 1311; x_wconf 87' lang='lat' dir='ltr'>alius</span> <span class='ocrx_word' id='word_1_152' title='bbox 1650 1279 1705 1311; x_wconf 90' lang='lat' dir='ltr'>est</span> 
     </span>
     <span class='ocr_line' id='line_1_19' title="bbox 532 1334 1702 1379; baseline -0.002 -7"><span class='ocrx_word' id='word_1_153' title='bbox 532 1337 781 1379; x_wconf 72' lang='lat' dir='ltr'>intellectivus,</span> <span class='ocrx_word' id='word_1_154' title='bbox 809 1335 901 1370; x_wconf 84' lang='lat' dir='ltr'>alius</span> <span class='ocrx_word' id='word_1_155' title='bbox 928 1334 1138 1369; x_wconf 75' lang='lat' dir='ltr'>sensitivus:</span> <span class='ocrx_word' id='word_1_156' title='bbox 1163 1337 1199 1368; x_wconf 90' lang='lat' dir='ltr'>et</span> <span class='ocrx_word' id='word_1_157' title='bbox 1225 1334 1426 1379; x_wconf 69' lang='lat' dir='ltr'>sensitivus,</span> <span class='ocrx_word' id='word_1_158' title='bbox 1447 1335 1537 1369; x_wconf 89' lang='lat' dir='ltr'>alius</span> <span class='ocrx_word' id='word_1_159' title='bbox 1560 1339 1613 1371; x_wconf 86' lang='lat' dir='ltr'>est</span> <span class='ocrx_word' id='word_1_160' title='bbox 1631 1335 1702 1370; x_wconf 88' lang='lat' dir='ltr'>ira-</span> 
     </span>
     <span class='ocr_line' id='line_1_20' title="bbox 533 1393 1706 1440; baseline -0.002 -9"><span class='ocrx_word' id='word_1_161' title='bbox 533 1396 674 1440; x_wconf 79' lang='lat' dir='ltr'>scibilis,</span> <span class='ocrx_word' id='word_1_162' title='bbox 696 1395 788 1430; x_wconf 90' lang='lat' dir='ltr'>alius</span> <span class='ocrx_word' id='word_1_163' title='bbox 806 1393 1111 1439; x_wconf 82' lang='lat' dir='ltr'>concupiscibilis:</span> <span class='ocrx_word' id='word_1_164' title='bbox 1133 1396 1168 1428; x_wconf 84' lang='lat' dir='ltr'>et</span> <span class='ocrx_word' id='word_1_165' title='bbox 1187 1393 1235 1428; x_wconf 85' lang='lat' dir='ltr'>sic</span> <span class='ocrx_word' id='word_1_166' title='bbox 1254 1393 1443 1439; x_wconf 89' lang='lat' dir='ltr'>gaudium,</span> <span class='ocrx_word' id='word_1_167' title='bbox 1464 1394 1561 1439; x_wconf 86' lang='lat' dir='ltr'>quod</span> <span class='ocrx_word' id='word_1_168' title='bbox 1583 1398 1706 1430; x_wconf 90' lang='lat' dir='ltr'>osten-</span> 
     </span>
     <span class='ocr_line' id='line_1_21' title="bbox 532 1452 1705 1501; baseline -0.002 -9"><span class='ocrx_word' id='word_1_169' title='bbox 532 1452 679 1500; x_wconf 41' lang='lat' dir='ltr'>ditur&amp;</span> <span class='ocrx_word' id='word_1_170' title='bbox 709 1466 773 1501; x_wconf 87' lang='lat' dir='ltr'>per</span> <span class='ocrx_word' id='word_1_171' title='bbox 800 1455 914 1489; x_wconf 85' lang='lat' dir='ltr'>risum</span> <span class='ocrx_word' id='word_1_172' title='bbox 950 1453 1109 1499; x_wconf 88' lang='lat' dir='ltr'>procedit</span> <span class='ocrx_word' id='word_1_173' title='bbox 1141 1453 1187 1488; x_wconf 91' lang='lat' dir='ltr'>ab</span> <span class='ocrx_word' id='word_1_174' title='bbox 1220 1454 1380 1498; x_wconf 84' lang='lat' dir='ltr'>appetitu</span> <span class='ocrx_word' id='word_1_175' title='bbox 1413 1454 1705 1500; x_wconf 86' lang='lat' dir='ltr'>concupiscibili;</span> 
     </span>
     <span class='ocr_line' id='line_1_22' title="bbox 533 1513 1705 1561; baseline -0.002 -9"><span class='ocrx_word' id='word_1_176' title='bbox 533 1520 568 1552; x_wconf 85' lang='lat' dir='ltr'>et</span> <span class='ocrx_word' id='word_1_177' title='bbox 596 1517 759 1561; x_wconf 86' lang='lat' dir='ltr'>planctus</span> <span class='ocrx_word' id='word_1_178' title='bbox 787 1515 847 1560; x_wconf 90' lang='lat' dir='ltr'>qui</span> <span class='ocrx_word' id='word_1_179' title='bbox 877 1518 1047 1549; x_wconf 69' lang='lat' dir='ltr'>movetur</span> <span class='ocrx_word' id='word_1_180' title='bbox 1075 1524 1138 1558; x_wconf 86' lang='lat' dir='ltr'>per</span> <span class='ocrx_word' id='word_1_181' title='bbox 1166 1513 1335 1548; x_wconf 88' lang='lat' dir='ltr'>iniuriam</span> <span class='ocrx_word' id='word_1_182' title='bbox 1370 1514 1531 1559; x_wconf 90' lang='lat' dir='ltr'>procedit</span> <span class='ocrx_word' id='word_1_183' title='bbox 1557 1515 1604 1549; x_wconf 88' lang='lat' dir='ltr'>ab</span> <span class='ocrx_word' id='word_1_184' title='bbox 1630 1515 1705 1551; x_wconf 90' lang='lat' dir='ltr'>ira-</span> 
     </span>
     <span class='ocr_line' id='line_1_23' title="bbox 532 1573 1704 1620; baseline -0.002 -9"><span class='ocrx_word' id='word_1_185' title='bbox 532 1575 662 1611; x_wconf 88' lang='lat' dir='ltr'>scibili:</span> <span class='ocrx_word' id='word_1_186' title='bbox 691 1578 725 1610; x_wconf 89' lang='lat' dir='ltr'>et</span> <span class='ocrx_word' id='word_1_187' title='bbox 752 1574 861 1609; x_wconf 87' lang='lat' dir='ltr'>ambo</span> <span class='ocrx_word' id='word_1_188' title='bbox 889 1573 943 1608; x_wconf 81' lang='lat' dir='ltr'>isti</span> <span class='ocrx_word' id='word_1_189' title='bbox 971 1573 1150 1618; x_wconf 87' lang='lat' dir='ltr'>appetitus</span> <span class='ocrx_word' id='word_1_190' title='bbox 1169 1577 1253 1607; x_wconf 88' lang='lat' dir='ltr'>sunt</span> <span class='ocrx_word' id='word_1_191' title='bbox 1275 1573 1319 1608; x_wconf 87' lang='lat' dir='ltr'>de</span> <span class='ocrx_word' id='word_1_192' title='bbox 1342 1574 1498 1619; x_wconf 86' lang='lat' dir='ltr'>potentia</span> <span class='ocrx_word' id='word_1_193' title='bbox 1522 1575 1704 1620; x_wconf 83' lang='lat' dir='ltr'>sensitiva,</span> 
     </span>
     <span class='ocr_line' id='line_1_24' title="bbox 532 1632 1704 1679; baseline -0.001 -9"><span class='ocrx_word' id='word_1_194' title='bbox 532 1639 568 1671; x_wconf 92' lang='lat' dir='ltr'>et</span> <span class='ocrx_word' id='word_1_195' title='bbox 594 1636 686 1670; x_wconf 87' lang='lat' dir='ltr'>alter</span> <span class='ocrx_word' id='word_1_196' title='bbox 712 1634 878 1679; x_wconf 87' lang='lat' dir='ltr'>sequitur</span> <span class='ocrx_word' id='word_1_197' title='bbox 905 1633 1073 1668; x_wconf 82' lang='lat' dir='ltr'>alterum.</span> <span class='ocrx_word' id='word_1_198' title='bbox 1105 1633 1144 1667; x_wconf 85' lang='lat' dir='ltr'>Et</span> <span class='ocrx_word' id='word_1_199' title='bbox 1171 1632 1350 1677; x_wconf 90' lang='lat' dir='ltr'>appetitus</span> <span class='ocrx_word' id='word_1_200' title='bbox 1374 1633 1613 1669; x_wconf 69' lang='lat' dir='ltr'>intellectivus</span> <span class='ocrx_word' id='word_1_201' title='bbox 1641 1634 1704 1679; x_wconf 90' lang='lat' dir='ltr'>qui</span> 
     </span>
     <span class='ocr_line' id='line_1_25' title="bbox 533 1692 1704 1740; baseline -0.001 -10"><span class='ocrx_word' id='word_1_202' title='bbox 533 1699 586 1730; x_wconf 86' lang='lat' dir='ltr'>est</span> <span class='ocrx_word' id='word_1_203' title='bbox 614 1694 793 1738; x_wconf 72' lang='lat' dir='ltr'>voluntaS,</span> <span class='ocrx_word' id='word_1_204' title='bbox 813 1697 847 1729; x_wconf 87' lang='lat' dir='ltr'>et</span> <span class='ocrx_word' id='word_1_205' title='bbox 871 1703 934 1738; x_wconf 88' lang='lat' dir='ltr'>per</span> <span class='ocrx_word' id='word_1_206' title='bbox 961 1703 1071 1737; x_wconf 86' lang='lat' dir='ltr'>quem</span> <span class='ocrx_word' id='word_1_207' title='bbox 1094 1692 1282 1738; x_wconf 87' lang='lat' dir='ltr'>regulatur</span> <span class='ocrx_word' id='word_1_208' title='bbox 1297 1693 1477 1738; x_wconf 86' lang='lat' dir='ltr'>appetitus</span> <span class='ocrx_word' id='word_1_209' title='bbox 1498 1694 1704 1740; x_wconf 85' lang='lat' dir='ltr'>sensitivus,</span> 
     </span>
     <span class='ocr_line' id='line_1_26' title="bbox 532 1752 1704 1799; baseline 0 -10"><span class='ocrx_word' id='word_1_210' title='bbox 532 1765 604 1789; x_wconf 90' lang='lat' dir='ltr'>non</span> <span class='ocrx_word' id='word_1_211' title='bbox 631 1764 775 1799; x_wconf 86' lang='lat' dir='ltr'>semper</span> <span class='ocrx_word' id='word_1_212' title='bbox 802 1757 853 1788; x_wconf 82' lang='lat' dir='ltr'>est</span> <span class='ocrx_word' id='word_1_213' title='bbox 882 1756 1008 1798; x_wconf 87' lang='lat' dir='ltr'>potens</span> <span class='ocrx_word' id='word_1_214' title='bbox 1036 1763 1144 1797; x_wconf 90' lang='lat' dir='ltr'>supra</span> <span class='ocrx_word' id='word_1_215' title='bbox 1164 1752 1389 1796; x_wconf 69' lang='lat' dir='ltr'>sensitivum,</span> <span class='ocrx_word' id='word_1_216' title='bbox 1410 1753 1495 1798; x_wconf 89' lang='lat' dir='ltr'>quia</span> <span class='ocrx_word' id='word_1_217' title='bbox 1515 1764 1584 1789; x_wconf 92' lang='lat' dir='ltr'>non</span> <span class='ocrx_word' id='word_1_218' title='bbox 1606 1764 1704 1789; x_wconf 89' lang='lat' dir='ltr'>sem-</span> 
     </span>
     <span class='ocr_line' id='line_1_27' title="bbox 533 1812 1704 1860; baseline -0.002 -10"><span class='ocrx_word' id='word_1_219' title='bbox 533 1824 597 1860; x_wconf 84' lang='lat' dir='ltr'>per</span> <span class='ocrx_word' id='word_1_220' title='bbox 625 1814 802 1849; x_wconf 75' lang='lat' dir='ltr'>irascibile</span> <span class='ocrx_word' id='word_1_221' title='bbox 828 1816 863 1847; x_wconf 86' lang='lat' dir='ltr'>et</span> <span class='ocrx_word' id='word_1_222' title='bbox 890 1812 1167 1857; x_wconf 88' lang='lat' dir='ltr'>concupiscibile</span> <span class='ocrx_word' id='word_1_223' title='bbox 1186 1812 1305 1847; x_wconf 87' lang='lat' dir='ltr'>obedit</span> <span class='ocrx_word' id='word_1_224' title='bbox 1330 1812 1471 1857; x_wconf 88' lang='lat' dir='ltr'>rationi,</span> <span class='ocrx_word' id='word_1_225' title='bbox 1491 1813 1566 1848; x_wconf 77' lang='lat' dir='ltr'>sive</span> <span class='ocrx_word' id='word_1_226' title='bbox 1593 1813 1704 1849; x_wconf 88' lang='lat' dir='ltr'>ratio-</span> 
     </span>
     <span class='ocr_line' id='line_1_28' title="bbox 534 1871 1703 1917; baseline -0.001 -8"><span class='ocrx_word' id='word_1_227' title='bbox 534 1874 603 1909; x_wconf 89' lang='lat' dir='ltr'>nali</span> <span class='ocrx_word' id='word_1_228' title='bbox 632 1873 819 1917; x_wconf 75' lang='lat' dir='ltr'>voluntati,</span> <span class='ocrx_word' id='word_1_229' title='bbox 841 1882 922 1917; x_wconf 86' lang='lat' dir='ltr'>quae</span> <span class='ocrx_word' id='word_1_230' title='bbox 945 1876 998 1908; x_wconf 85' lang='lat' dir='ltr'>est</span> <span class='ocrx_word' id='word_1_231' title='bbox 1019 1882 1126 1906; x_wconf 90' lang='lat' dir='ltr'>suum</span> <span class='ocrx_word' id='word_1_232' title='bbox 1150 1871 1427 1907; x_wconf 82' lang='lat' dir='ltr'>fundamentum</span> <span class='ocrx_word' id='word_1_233' title='bbox 1453 1872 1487 1907; x_wconf 90' lang='lat' dir='ltr'>in</span> <span class='ocrx_word' id='word_1_234' title='bbox 1508 1872 1703 1908; x_wconf 89' lang='lat' dir='ltr'>intellectu.</span> 
     </span>
     <span class='ocr_line' id='line_1_29' title="bbox 533 1931 1705 1977; baseline 0 -9"><span class='ocrx_word' id='word_1_235' title='bbox 533 1934 575 1968; x_wconf 87' lang='lat' dir='ltr'>Et</span> <span class='ocrx_word' id='word_1_236' title='bbox 595 1934 661 1968; x_wconf 85' lang='lat' dir='ltr'>hoc</span> <span class='ocrx_word' id='word_1_237' title='bbox 681 1937 734 1968; x_wconf 86' lang='lat' dir='ltr'>est</span> <span class='ocrx_word' id='word_1_238' title='bbox 753 1932 849 1977; x_wconf 87' lang='lat' dir='ltr'>quod</span> <span class='ocrx_word' id='word_1_239' title='bbox 870 1932 947 1967; x_wconf 67' lang='lat' dir='ltr'>vult</span> <span class='ocrx_word' id='word_1_240' title='bbox 965 1932 1086 1967; x_wconf 90' lang='lat' dir='ltr'>dicere</span> <span class='ocrx_word' id='word_1_241' title='bbox 1106 1931 1208 1966; x_wconf 87' lang='lat' dir='ltr'>litera</span> <span class='ocrx_word' id='word_1_242' title='bbox 1228 1931 1284 1966; x_wconf 86' lang='lat' dir='ltr'>hic</span> <span class='ocrx_word' id='word_1_243' title='bbox 1303 1932 1449 1976; x_wconf 89' lang='lat' dir='ltr'>quando</span> <span class='ocrx_word' id='word_1_244' title='bbox 1464 1935 1568 1977; x_wconf 90' lang='lat' dir='ltr'>poeta</span> <span class='ocrx_word' id='word_1_245' title='bbox 1584 1936 1705 1968; x_wconf 88' lang='lat' dir='ltr'>osten-</span> 
     </span>
     <span class='ocr_line' id='line_1_30' title="bbox 532 1991 1705 2038; baseline 0.001 -11"><span class='ocrx_word' id='word_1_246' title='bbox 532 1994 581 2028; x_wconf 90' lang='lat' dir='ltr'>dit</span> <span class='ocrx_word' id='word_1_247' title='bbox 610 1993 705 2038; x_wconf 89' lang='lat' dir='ltr'>quod</span> <span class='ocrx_word' id='word_1_248' title='bbox 734 1997 860 2027; x_wconf 90' lang='lat' dir='ltr'>contra</span> <span class='ocrx_word' id='word_1_249' title='bbox 888 1993 980 2027; x_wconf 68' lang='lat' dir='ltr'>velle</span> <span class='ocrx_word' id='word_1_250' title='bbox 1008 1991 1154 2037; x_wconf 75' lang='lat' dir='ltr'>Virgilii,</span> <span class='ocrx_word' id='word_1_251' title='bbox 1182 1991 1272 2027; x_wconf 87' lang='lat' dir='ltr'>idest</span> <span class='ocrx_word' id='word_1_252' title='bbox 1303 1992 1462 2037; x_wconf 88' lang='lat' dir='ltr'>rationis,</span> <span class='ocrx_word' id='word_1_253' title='bbox 1491 1993 1705 2029; x_wconf 85' lang='lat' dir='ltr'>sensualitas</span> 
     </span>
     <span class='ocr_line' id='line_1_31' title="bbox 533 2051 1706 2097; baseline 0 -9"><span class='ocrx_word' id='word_1_254' title='bbox 533 2064 599 2088; x_wconf 91' lang='lat' dir='ltr'>sua</span> <span class='ocrx_word' id='word_1_255' title='bbox 627 2053 721 2087; x_wconf 84' lang='lat' dir='ltr'>risit:</span> <span class='ocrx_word' id='word_1_256' title='bbox 751 2056 785 2087; x_wconf 86' lang='lat' dir='ltr'>et</span> <span class='ocrx_word' id='word_1_257' title='bbox 806 2052 888 2087; x_wconf 74' lang='lat' dir='ltr'>(licit</span> <span class='ocrx_word' id='word_1_258' title='bbox 908 2052 1005 2097; x_wconf 91' lang='lat' dir='ltr'>quod</span> <span class='ocrx_word' id='word_1_259' title='bbox 1025 2051 1168 2086; x_wconf 87' lang='lat' dir='ltr'>imitans</span> <span class='ocrx_word' id='word_1_260' title='bbox 1189 2055 1357 2086; x_wconf 86' lang='lat' dir='ltr'>naturam</span> <span class='ocrx_word' id='word_1_261' title='bbox 1381 2052 1583 2087; x_wconf 87' lang='lat' dir='ltr'>secundum</span> <span class='ocrx_word' id='word_1_262' title='bbox 1604 2063 1706 2088; x_wconf 88' lang='lat' dir='ltr'>com-</span> 
     </span>
     <span class='ocr_line' id='line_1_32' title="bbox 533 2111 1704 2159; baseline 0 -11"><span class='ocrx_word' id='word_1_263' title='bbox 533 2112 738 2159; x_wconf 81' lang='lat' dir='ltr'>plexionem</span> <span class='ocrx_word' id='word_1_264' title='bbox 768 2112 984 2156; x_wconf 84' lang='lat' dir='ltr'>naturalem,</span> <span class='ocrx_word' id='word_1_265' title='bbox 1013 2112 1192 2157; x_wconf 85' lang='lat' dir='ltr'>appetitus</span> <span class='ocrx_word' id='word_1_266' title='bbox 1220 2111 1412 2146; x_wconf 82' lang='lat' dir='ltr'>sensitivus</span> <span class='ocrx_word' id='word_1_267' title='bbox 1436 2111 1556 2147; x_wconf 89' lang='lat' dir='ltr'>minus</span> <span class='ocrx_word' id='word_1_268' title='bbox 1583 2112 1704 2148; x_wconf 85' lang='lat' dir='ltr'>obedit</span> 
     </span>
    </p>
   </div>
   <div class='ocr_carea' id='block_1_3' title="bbox 868 2184 1493 2186">
    <p class='ocr_par' dir='ltr' id='par_1_4' title="bbox 868 2184 1493 2186">
     <span class='ocr_line' id='line_1_33' title="bbox 868 2184 1493 2186; baseline 0 0"><span class='ocrx_word' id='word_1_269' title='bbox 868 2184 1493 2186; x_wconf 95' lang='lat' dir='ltr'> </span> 
     </span>
    </p>
   </div>
   <div class='ocr_carea' id='block_1_4' title="bbox 639 2225 1625 2293">
    <p class='ocr_par' dir='ltr' id='par_1_5' title="bbox 639 2225 1625 2293">
     <span class='ocr_line' id='line_1_34' title="bbox 639 2225 1625 2255; baseline 0 -7"><span class='ocrx_word' id='word_1_270' title='bbox 639 2228 691 2253; x_wconf 83' lang='lat'>117,</span> <span class='ocrx_word' id='word_1_271' title='bbox 709 2226 819 2255; x_wconf 86' lang='lat' dir='ltr'>quando.</span> <span class='ocrx_word' id='word_1_272' title='bbox 1300 2225 1326 2254; x_wconf 53' lang='grc' dir='ltr'>(ἱ)</span> <span class='ocrx_word' id='word_1_273' title='bbox 1346 2228 1397 2254; x_wconf 82' lang='grc'><strong>117,</strong></span> <span class='ocrx_word' id='word_1_274' title='bbox 1417 2225 1625 2249; x_wconf 78' lang='lat' dir='ltr'>manifestaverit.</span> 
     </span>
     <span class='ocr_line' id='line_1_35' title="bbox 652 2263 1520 2293; baseline 0.001 -7"><span class='ocrx_word' id='word_1_275' title='bbox 652 2263 667 2287; x_wconf 70' lang='lat'>¹.</span> <span class='ocrx_word' id='word_1_276' title='bbox 686 2271 745 2287; x_wconf 78' lang='lat' dir='ltr'>cuni</span> <span class='ocrx_word' id='word_1_277' title='bbox 765 2263 872 2293; x_wconf 78' lang='lat' dir='ltr'>Virgilio</span> <span class='ocrx_word' id='word_1_278' title='bbox 891 2270 940 2287; x_wconf 91' lang='lat' dir='ltr'>non</span> <span class='ocrx_word' id='word_1_279' title='bbox 959 2270 1115 2293; x_wconf 78' lang='lat' dir='ltr'>cognoscens</span> <span class='ocrx_word' id='word_1_280' title='bbox 1132 2270 1200 2286; x_wconf 89' lang='lat' dir='ltr'>eum.</span> <span class='ocrx_word' id='word_1_281' title='bbox 1301 2264 1326 2292; x_wconf 70' lang='lat'>(¹)</span> <span class='ocrx_word' id='word_1_282' title='bbox 1346 2264 1373 2287; x_wconf 83' lang='grc' dir='ltr'>Ε.</span> <span class='ocrx_word' id='word_1_283' title='bbox 1392 2263 1520 2293; x_wconf 79' lang='lat' dir='ltr'>imposuit.</span> 
     </span>
    </p>
   </div>
   <div class='ocr_carea' id='block_1_5' title="bbox 594 2226 1326 2331">
    <p class='ocr_par' dir='ltr' id='par_1_6' title="bbox 594 2226 1326 2331">
     <span class='ocr_line' id='line_1_36' title="bbox 594 2226 619 2255; baseline -0.04 0"><span class='ocrx_word' id='word_1_284' title='bbox 594 2226 619 2255; x_wconf 76' lang='lat'>(¹)</span> 
     </span>
     <span class='ocr_line' id='line_1_37' title="bbox 594 2263 658 2291; baseline 0 0"><span class='ocrx_word' id='word_1_285' title='bbox 594 2263 619 2291; x_wconf 72' lang='lat'>(⁸)</span> <span class='ocrx_word' id='word_1_286' title='bbox 638 2264 658 2286; x_wconf 71' lang='lat' dir='ltr'>h</span> 
     </span>
     <span class='ocr_line' id='line_1_38' title="bbox 595 2301 1326 2331; baseline 0 -7"><span class='ocrx_word' id='word_1_287' title='bbox 595 2301 621 2330; x_wconf 69' lang='lat'>(⁶)</span> <span class='ocrx_word' id='word_1_288' title='bbox 640 2301 668 2324; x_wconf 84' lang='lat' dir='ltr'>E.</span> <span class='ocrx_word' id='word_1_289' title='bbox 685 2301 828 2325; x_wconf 83' lang='lat' dir='ltr'>ostenditur</span> <span class='ocrx_word' id='word_1_290' title='bbox 846 2301 948 2331; x_wconf 85' lang='lat' dir='ltr'>quando</span> <span class='ocrx_word' id='word_1_291' title='bbox 966 2301 1072 2328; x_wconf 67' lang='lat' dir='ltr'>ridetur,</span> <span class='ocrx_word' id='word_1_292' title='bbox 1092 2301 1155 2324; x_wconf 66' lang='lat' dir='ltr'>idest</span> <span class='ocrx_word' id='word_1_293' title='bbox 1174 2307 1218 2331; x_wconf 83' lang='lat' dir='ltr'>pcr</span> <span class='ocrx_word' id='word_1_294' title='bbox 1237 2301 1326 2324; x_wconf 72' lang='lat' dir='ltr'>risum.</span> 
     </span>
    </p>
   </div>
  </div>
 </body>
</html>
