1766 2856
514 236 558 269 30
873 237 1075 263 coMENTL'M
1103 236 1318 262 PURGATORH

513 325 598 350 cuin
627 314 731 348 vinco
758 311 802 347 ad
827 311 1010 346 arborem.
1032 310 1073 344 Et
1092 309 1264 345 continuo
1284 309 1545 354 superveniens
1564 314 1686 354 pastor

514 373 728 420 peregrinus
756 372 856 406 illuni
880 369 1018 415 accepit
1044 373 1077 405 et
1106 369 1253 404 donavit
1273 368 1416 404 cuidam
1436 368 1481 404 de
1499 369 1684 415 Coryntho

514 434 576 479 qui
604 432 757 478 portarit
787 441 873 466 euin
901 429 945 464 ad
973 430 1142 474 Meropen
1171 438 1325 463 uxorein
1354 428 1466 462 Polibi
1501 428 1597 474 regis
1623 438 1688 463 co-

516 492 745 539 ryntliiornin
767 493 953 525 carentem
973 489 1071 523 omni
1092 489 1203 534 prole.
1227 488 1310 523 ldeo
1337 498 1357 523 a
1386 498 1473 534 rege.
1500 491 1535 523 et.
1562 487 1687 534 regina

516 555 704 597 susceptus
731 554 783 586 est
812 550 846 584 in
875 549 988 583 tilium
1009 549 1107 584 velut
1139 549 1270 582 missus
1298 559 1317 583 a
1348 548 1451 583 coelo.
1480 558 1564 583 cum
1594 558 1689 593 prae-

518 611 680 647 tenderet
710 609 865 645 indolem
896 609 1068 655 regalem,
1089 612 1122 643 et
1143 612 1365 643 vm‘averunt
1395 618 1480 643 eunt
1508 607 1688 653 OEdipum

517 681 538 706 a
574 670 733 716 pedibus.
770 669 928 714 OEdipus
969 668 1079 714 igitur
1119 663 1284 711 sactus&
1321 667 1467 712 juvenis
1507 667 1690 702 formosus

519 730 619 765 sortis
655 729 792 764 habens
830 728 995 763 aninuun
1028 731 1063 762 et,
1094 736 1216 761 mores
1252 727 1404 772 regales.
1435 726 1559 761 audito
1591 726 1690 772 quod

519 800 592 824 non
619 793 696 824 erat
726 788 818 822 tilius
845 787 955 821 Polibi
984 790 1110 831 captus
1141 785 1320 820 desiderio
1353 786 1593 832 cognoscendi
1626 796 1691 832 pa—

520 854 626 884 treni.
653 848 800 883 obtenta
828 847 970 881 licentia
998 846 1192 881 difficulter
1215 856 1236 881 a
1256 845 1392 890 Polibo7
1412 846 1509 881 venit
1535 846 1580 881 ad
1607 856 1692 881 ora—

519 910 643 945 culutn
672 907 890 952 delphicum.
910 906 971 941 ubi
991 906 1126 941 audivit
1157 906 1254 950 quod
1280 910 1421 951 patrem
1450 906 1629 941 inveniret
1656 905 1692 940 in

521 968 688 1004 Phocide.
708 971 741 1003 et
765 971 921 1002 matrem
951 970 1073 1012 postea
1101 966 1250 1001 duceret
1279 966 1314 1001 in
1342 976 1507 1002 uxorem.
1527 966 1595 1009 Qui
1615 969 1693 1001 stu-

521 1029 684 1075 pefactus
707 1027 849 1062 devenit
871 1026 905 1060 in
926 1025 1130 1061 Phocidem.
1157 1025 1216 1060 ubi
1244 1030 1323 1060 orta
1352 1026 1526 1061 seditione
1541 1021 1576 1070 fl
1599 1026 1693 1061 inter

520 1089 682 1124 forenses
709 1091 745 1122 et
771 1086 878 1121 cives.
908 1085 1014 1120 Laius
1047 1085 1172 1120 volens
1206 1085 1333 1120 sedare
1366 1085 1462 1120 litein
1498 1095 1693 1130 percussus

521 1148 585 1183 suit
614 1146 734 1193 gladio
761 1145 806 1180 ab
825 1144 961 1190 OEdipo
979 1139 1033 1189 (ὣς
1053 1144 1182 1179 deinde
1205 1144 1352 1179 veniens
1371 1145 1510 1179 Thebas
1529 1144 1693 1191 incogni-

524 1212 582 1242 tus
611 1207 702 1241 sorte
729 1205 813 1250 quia
841 1204 1060 1240 credebatur
1078 1198 1111 1247 δ’
1141 1204 1233 1238 tilius
1253 1204 1348 1250 regis
1369 1204 1493 1248 Polibi,
1512 1204 1618 1239 datus
1640 1207 1695 1240 est

522 1267 558 1302 in
587 1267 706 1301 virum
734 1266 895 1301 JOCtlSta'.
921 1274 1004 1309 qua*
1029 1264 1148 1299 adbuc
1175 1264 1384 1309 deplorabat
1414 1268 1570 1300 mortem
1599 1265 1694 1309 Laii3

524 1336 635 1371 quain
661 1325 819 1370 OEdipus
847 1324 999 1359 libenter
1031 1324 1166 1369 accepit
1202 1323 1331 1359 tiinens
1367 1334 1412 1359 ne
1444 1324 1592 1360 duceret
1621 1326 1696 1360 Me-

524 1396 637 1431 ropen
665 1395 775 1429 quant
809 1384 978 1419 credebat
1013 1393 1091 1419 esse
1124 1388 1279 1419 inatren]
1316 1394 1432 1419 suam.
1467 1384 1581 1431 Igitur
1615 1385 1697 1420 laete

526 1455 682 1491 regnans
710 1444 833 1490 genuit
863 1447 1022 1488 quatuor
1051 1443 1140 1478 tilios
1171 1454 1214 1479 ex
1249 1448 1385 1479 matre:
1415 1444 1475 1480 sed
1504 1454 1589 1480 ecce
1617 1454 1697 1479 ma-

523 1515 594 1551 gna
623 1508 722 1549 peste
751 1507 833 1538 nata
856 1503 890 1537 in
910 1503 1064 1538 cixitate.
1089 1503 1176 1537 dum
1201 1508 1432 1548 ‹puerei-etur
1456 1504 1585 1539 modus
1606 1515 1696 1550 pur—

524 1564 678 1610 gationis
705 1563 748 1598 de
778 1573 892 1597 more.
920 1563 1074 1597 Tiresias
1103 1563 1285 1598 maximus
1320 1573 1442 1610 augur
1472 1564 1571 1608 dixit,
1600 1563 1698 1609 quod

526 1633 713 1667 nunquam
796 1626 950 1657 cessaret
987 1622 1105 1668 pestis,
1135 1623 1199 1657 nisi
1232 1623 1371 1658 occisor
1406 1624 1515 1668 patris
1549 1628 1585 1659 et
1619 1633 1698 1658 nla-

525 1683 667 1718 eulator
695 1682 820 1717 matris
854 1681 1100 1727 deponeretur
1136 1692 1156 1717 a
1194 1692 1329 1728 regno:
1361 1688 1395 1718 et
1428 1683 1524 1718 hunc
1556 1682 1700 1718 dicebat

526 1752 604 1778 esse
631 1742 820 1787 Olidipuin.
850 1742 901 1777 Re
929 1742 1108 1777 horrenda
1140 1742 1292 1786 detecta,
1327 1743 1445 1777 omnis
1472 1747 1525 1778 est
1552 1743 1699 1778 turbata

527 1802 666 1837 laetitia:
691 1806 724 1837 et
748 1802 887 1837 Jocasta
908 1801 1119 1847 deplorante
1143 1802 1294 1837 inl‘aines
1314 1802 1455 1847 nuptias
1476 1812 1571 1846 suas,
1590 1801 1700 1838 OEdi-

527 1873 594 1908 pus
621 1862 760 1897 abiecto
788 1862 912 1897 habitu
943 1862 1054 1907 regali
1082 1865 1209 1907 sponte
1237 1862 1328 1896 eruit
1364 1862 1428 1896 sibi
1461 1863 1587 1898 oculos
1613 1872 1700 1898 cum

526 1921 643 1967 digitis
670 1926 703 1956 et
732 1922 767 1956 in
796 1925 990 1966 perpetuas
1019 1921 1187 1957 tenebras
1214 1931 1252 1956 se
1279 1921 1482 1956 damnavit:
1503 1922 1608 1956 cuius
1636 1922 1700 1956 tri-

526 1982 658 2016 stitiam
687 1981 745 2016 tilii
773 1981 991 2025 deriserunt,
1017 1985 1049 2016 et
1080 1980 1258 2016 maledicti
1286 1992 1306 2016 a
1334 1985 1437 2027 patre
1463 1982 1606 2017 accensi
1633 1992 1700 2018 cu-

528 2041 671 2086 piditate
700 2041 873 2087 regnandi
903 2041 1048 2077 tandein
1077 2046 1327 2077 convenerunt
1356 2045 1393 2076 ut
1423 2052 1496 2076 uno
1525 2046 1701 2089 regnante

527 2110 590 2146 per
618 2110 767 2135 annunt.
790 2101 882 2135 alter
910 2101 1087 2136 exularet.
1117 2101 1185 2136 Sed
1213 2111 1297 2135 cun]
1326 2105 1403 2146 post
1430 2111 1568 2136 annum
1593 2102 1701 2138 Eteo-

591 2216 607 2239 ι’·
639 2218 689 2239 117.
709 2215 791 2238 fartus
809 2219 854 2238 est.
1164 2216 1172 2228 ¹
1197 2217 1221 2239 S.
1240 2217 1370 2240 divisione.

593 2253 611 2281 ζ’
636 2253 663 2275 E.
682 2252 782 2282 OEdipo
801 2254 866 2283 ipso:
885 2253 984 2277 deinde.
1155 2255 1171 2283 κ’
1198 2254 1223 2277 S.
1242 2255 1384 2279 videbatur.

594 2290 608 2317 μ’
638 2290 665 2313 Ε.
683 2297 814 2321 nunquam
833 2291 952 2315 deficeret
972 2298 1017 2315 uec
1037 2295 1145 2315 cessaret
1165 2292 1230 2315 dicta
1250 2295 1333 2322 pestis.
