1737 2836
484 231 621 256 omres
647 231 789 256 ramus.
1151 225 1219 256 299

51 305 119 340 loci
145 314 193 339 an
220 303 389 339 maiestas
407 299 441 346 ς’)
478 302 540 337 Dei
573 303 653 348 plus
686 303 819 338 haheat
852 303 1112 338 admirationis,
1151 303 1225 338 Me-

51 364 152 400 dium
179 367 305 398 autem
333 373 462 398 saxum
491 366 661 397 cavatum
690 366 743 398 est
770 363 804 397 in
829 363 946 398 forma
974 363 1106 399 theatri
1130 362 1223 397 intra

52 423 150 469 quod
177 423 316 458 clamor
343 422 533 457 hominum
562 425 598 457 et
624 432 735 457 sonus
763 422 935 458 tubarum
968 433 1053 458 cum
1092 432 1224 468 magno

53 484 207 519 roboatu
226 478 260 527 fl
289 482 336 518 ibi
363 482 401 517 fit
427 481 705 527 personantibus
733 482 841 527 saxis,
861 482 959 527 quod
981 486 1169 528 stuporem
1189 484 1225 516 et

53 547 233 579 terrorem
263 543 345 578 sacit
372 541 516 589 ignaris,
538 542 627 576 Nam
656 544 692 576 et
719 542 821 586 quasi
842 542 876 576 in
900 542 1019 577 media
1037 541 1225 577 altitudine

53 604 170 639 cavati
199 603 330 638 montis
357 606 411 638 est
445 612 557 648 parva
589 601 764 647 planities,
792 605 828 636 ct
861 601 896 636 in
924 612 966 637 ea
1002 602 1224 647 profundum

53 667 162 699 terrae
189 663 366 707 foramen,
394 673 459 708 per
486 661 583 707 quod
610 661 683 697 exit
710 664 840 697 ventus
860 662 1036 707 inspirans
1055 661 1225 707 virgines,

52 723 98 759 de
124 733 198 768 quo
226 723 393 758 Lucanus
409 717 468 766 ὣς
501 725 681 766 centosque
707 722 878 765 loquaces.
906 721 1010 756 Modo
1029 720 1074 756 ad
1093 731 1226 766 propo-

53 783 161 819 situm
190 783 273 818 dicit
300 786 416 828 poeta,
437 782 534 827 quod
557 792 673 816 unum
688 782 822 828 jugum
842 781 990 816 Parnasi
1010 781 1224 826 deputatum

53 844 195 878 Baccho
231 842 372 877 suffecit
407 842 471 876 sibi
500 842 715 886 hucnsque3
752 851 847 876 nunc
882 851 971 876 vero
1002 844 1038 876 et
1069 840 1157 875 illud
1190 844 1226 875 et

54 903 152 938 aliud
167 905 422 938 consecratum
442 901 593 947 Apollini
613 904 667 936 est
685 900 750 935 sibi
770 900 1037 936 necessarium:
1058 910 1122 945 per
1138 900 1227 934 Bac-

56 963 166 998 chum
194 965 318 997 autem
342 961 523 1007 figuratur
542 961 689 995 scientia
710 960 896 1004 naturalis,
916 970 999 1005 qnae
1018 959 1143 995 haberi
1163 970 1227 1005 po—

57 1026 126 1058 test
145 1032 208 1068 per
227 1021 501 1066 acquisitionem
523 1021 735 1064 humanam,
756 1020 848 1054 sicut
875 1019 1021 1065 physica
1040 1022 1075 1054 et
1093 1020 1222 1063 ethica,

57 1083 157 1127 idest,
190 1081 412 1127 philosophia
449 1080 624 1115 naturalis
659 1083 695 1115 et
730 1079 897 1115 moralis:
926 1090 991 1125 per
1026 1080 1226 1125 Apollinem

57 1152 146 1177 vero
169 1141 318 1176 scientia
339 1139 626 1186 supernaturalis
645 1142 681 1175 et
702 1139 834 1184 divina,
857 1139 949 1174 sicut
970 1139 1227 1185 metaphysica,

57 1201 158 1246 idest,
187 1211 289 1236 sacra
317 1200 474 1236 scientia.
504 1200 562 1235 Sol
590 1199 686 1235 enim
715 1203 769 1234 est
795 1199 857 1244 qui
885 1199 1020 1234 virtute
1047 1210 1113 1234 sua
1145 1199 1229 1236 facit

56 1261 154 1297 viros
181 1260 358 1306 sapientes
386 1263 421 1295 et
448 1259 666 1295 excellentes
692 1259 870 1303 doctores,
890 1258 983 1294 sicut
1001 1262 1109 1293 autor
1128 1259 1227 1304 ponit

56 1320 149 1355 infra
177 1320 237 1355 nbi
265 1323 396 1355 tractat
417 1319 462 1354 de
489 1329 593 1364 spera
614 1318 715 1363 solis3
736 1318 816 1353 ideo
835 1318 981 1353 scientia
1005 1312 1228 1361 natnl·alis(⁵‘)

58 1381 200 1416 suffecit
227 1380 291 1415 sihi
319 1380 354 1414 in
381 1379 524 1414 duobus
543 1378 830 1424 praecedentibus
851 1378 972 1423 libris;
992 1389 1089 1413 nunc
1109 1378 1142 1413 in
1162 1378 1229 1413 isto

57 1441 165 1476 tertio
184 1440 319 1486 indiget
338 1439 484 1475 scientia
505 1439 635 1473 divina.
656 1438 707 1473 Ad
727 1438 869 1473 literam
893 1448 982 1484 ergo
1001 1437 1084 1472 dicit
1103 1441 1227 1483 poeta:

57 1501 135 1535 l’un
161 1502 278 1544 mogo,
301 1499 395 1534 istud
418 1499 550 1544 jugum
576 1501 727 1533 vocatur
746 1498 871 1544 Nyssa,
895 1501 931 1533 et
953 1500 1006 1533 est
1034 1497 1175 1542 Bacchi,
1195 1499 1232 1532 (Ιὶ

58 1564 236 1604 Parnaso,
271 1560 364 1595 bene
390 1558 558 1594 convenit
587 1568 735 1602 nomen3
764 1558 895 1593 dicitur
922 1558 1018 1593 enim
1048 1558 1229 1592 Parnasus

59 1620 162 1666 quasi
189 1630 321 1665 parans
350 1629 419 1664 noy
446 1628 607 1662 sensum7
635 1617 725 1653 idest
752 1617 864 1652 menti
886 1617 1111 1663 sapientiam,
1134 1618 1231 1651 assai

57 1681 105 1715 mi
127 1681 180 1725 fu,
208 1679 310 1723 idest,
337 1678 478 1713 suffecit
501 1677 599 1722 mihi,
619 1679 731 1712 iusim)
749 1688 771 1712 (ι
801 1679 870 1722 qui,
893 1677 1037 1722 scilicet,
1058 1677 1092 1711 in
1112 1676 1230 1722 primo

57 1740 150 1774 libro
177 1739 308 1774 Inferni
336 1742 371 1774 et
397 1737 557 1773 secundo
584 1737 801 1784 Purgatorii,
830 1748 888 1772 ma
914 1748 970 1779 or,
990 1737 1090 1781 idest,
1115 1746 1231 1782 nuper

58 1799 103 1835 de
130 1799 308 1845 prasenti,
336 1795 413 1833 m'e'
438 1808 540 1841 nolu),
567 1797 668 1842 idest,
697 1797 841 1843 expedit
868 1797 966 1841 mihi,
995 1800 1136 1831 entrare
1158 1797 1231 1831 nel-

59 1861 80 1893 l'
95 1860 245 1901 αννίηῃυ
271 1859 417 1901 rimam,
446 1857 546 1902 idest,
573 1867 724 1892 cursum
748 1860 784 1892 et
806 1859 1002 1892 tractatum
1023 1856 1117 1891 tertii
1140 1855 1231 1899 libri,

60 1919 122 1964 qui
149 1918 280 1953 dicitnr
308 1917 511 1961 Paradisus,
531 1917 593 1961 qui
616 1920 727 1952 restat
745 1917 1014 1961 describendus,
1034 1927 1098 1950 con
1116 1916 1231 1950 ambe-

60 1980 138 2022 due,
166 1978 267 2023 idest,
293 1982 453 2022 utroque
470 1977 573 2023 jugo,
595 1976 697 2021 quasi
716 1976 821 2020 dicat,
843 1987 939 2011 nnnc
967 1976 1001 2010 in
1030 1976 1094 2010 ista
1115 1975 1230 2010 ardua

61 2038 214 2074 materia
243 2049 334 2084 egeo
361 2037 497 2073 auxilio
524 2037 683 2071 duorum
711 2036 878 2080 deorum,
905 2036 1039 2071 scilicet
1064 2035 1232 2080 Apollinis

61 2101 97 2133 et
123 2098 264 2133 Bacchi.
293 2097 362 2133 Sed
390 2097 447 2132 hic
473 2099 527 2131 ost
553 2106 644 2141 opus
672 2106 802 2141 magna
823 2095 1088 2141 speculatione:
1116 2106 1232 2140 quare

61 2161 169 2193 autor
191 2158 285 2193 (licat
311 2168 350 2193 se
377 2168 487 2203 egere
507 2160 665 2201 utroque
685 2156 779 2201 I)eo;
799 2156 895 2201 quia,
919 2156 1043 2191 dicunt
1061 2166 1230 2191 commn—

124 2249 151 2279 ζ’)
171 2250 198 2273 Ιί,
216 2251 353 2273 maiestatis
371 2250 426 2273 Dei.
688 2248 714 2277 (²)
733 2251 754 2276 l,
774 2249 904 2272 rohoratu.

125 2287 149 2315 (⁸)
170 2288 196 2310 κ’..
217 2288 333 2311 [sicanus
350 2289 400 2312 ait:
421 2291 556 2318 remosque.
690 2287 715 2315 (⁸)
733 2287 757 2310 S.
775 2294 789 2310 c·
808 2287 836 2310 E.
855 2287 978 2311 naturalis
995 2287 1105 2310 hnmana
1123 2286 1231 2310 suffecit.
