1737 2836
361 280 499 306 CANTUS
524 280 713 305 VIGESJMUS
739 280 919 306 SEPTIMUS.
1155 274 1222 306 143

51 354 163 396 salvo,
183 362 228 388 ne
256 352 487 387 suffocareris
514 351 550 386 in
577 351 636 386 illo
664 352 844 397 profundo
869 352 1026 400 gurgite,
1044 354 1138 388 sovr’
1149 364 1224 388 esso

56 414 197 456 Gerz‘on,
217 412 318 457 idest,
340 422 450 458 super
476 411 585 446 dorso
611 411 798 458 Geryonis,
818 422 892 457 quo
910 413 1051 448 nullum
1074 416 1127 449 est
1150 416 1225 448 ter—

52 471 189 507 ribilius
225 476 444 516 monstrum,
472 471 613 505 nullum
650 471 831 516 potentius
865 471 899 506 in
933 472 1092 517 insern0;
1127 472 1222 507 *che

49 527 133 577 faro
160 542 240 575 ora,
264 541 361 566 nunc
388 531 422 565 in
450 530 516 565 isto
544 530 644 576 igne;
673 531 732 564 che
757 541 821 564 son
844 528 905 574 ρὶὰ
928 542 1050 576 presso
1077 543 1099 566 α
1126 534 1222 567 Dio!

53 592 157 637 quasi
176 591 269 627 dicat
291 591 397 637 longe
418 590 558 635 melius,
578 590 687 625 idest:
707 589 735 624 si
757 590 851 625 traxi
867 594 902 625 te
920 590 964 626 de
984 591 1123 627 inferno
1138 591 1156 611 *
1173 588 1221 636 (¹),

52 661 117 697 per
144 651 264 686 omnia
291 660 428 698 genera
454 649 650 695 fraudium,
670 652 807 695 quanto
826 650 943 696 magis
962 661 1059 686 nunc
1079 655 1113 686 te
1132 662 1221 696 pur-

51 714 178 757 gatum
208 721 271 756 per
298 710 419 745 omnia
447 720 583 756 genera
611 709 782 744 vitiorum
809 719 940 745 eruam
959 709 1004 745 de
1022 710 1106 756 igne
1133 721 1222 756 pur-

52 770 208 817 gatorii?
235 771 276 805 Et
311 770 502 805 confirmat
535 769 671 804 dictum
705 779 814 804 suum
848 779 913 815 per
946 769 1221 815 experientiam,

51 828 192 865 dicens:
220 830 316 864 credi
338 840 402 874 per
429 833 521 864 certo
539 829 609 873 che,
628 839 663 863 se
684 830 781 864 stessi
801 829 863 863 ben
885 830 974 864 mille
995 831 1081 864 amn·
1098 830 1221 864 dentro

52 890 110 923 all’
125 890 218 933 alvo,
245 888 345 933 idest,
375 892 553 934 ventrem,
580 889 616 923 cli
634 892 750 932 questa
766 889 924 932 stamma,
944 899 1056 933 quam
1077 892 1218 924 tantum

51 948 308 994 perhorrescis,
337 958 406 983 non
433 949 457 982 [ι’
476 948 640 992 potrebbe
658 950 720 992 far
742 948 836 982 d’mz
863 949 960 992 capel
985 949 1097 991 calvo,
1119 947 1220 991 idest,

50 1008 233 1054 privatum
254 1011 289 1043 et
307 1007 548 1052 diminutum;
578 1010 613 1042 et
631 1010 685 1042 est
703 1007 849 1053 propria
872 1007 1023 1042 locutio:
1044 1018 1129 1043 nam
1148 1007 1222 1042 cal-

51 1067 179 1102 vitium
207 1071 379 1103 causatur
406 1078 427 1102 a
452 1067 574 1102 calore
593 1066 761 1111 naturali,
782 1070 817 1103 et
835 1067 892 1102 hic
911 1066 1072 1112 loquitur
1090 1067 1135 1103 de
1154 1067 1221 1102 isto

52 1127 135 1173 igne
162 1126 353 1173 spirituali,
381 1130 416 1162 et
443 1127 510 1161 hoc
530 1129 582 1162 est
601 1126 686 1172 quia
705 1126 821 1161 virtus
839 1126 917 1161 eius
944 1137 1017 1161 non
1044 1130 1217 1172 operatur

49 1186 86 1221 in
114 1187 317 1232 materiato,
336 1186 398 1222 sed
421 1186 455 1221 in
475 1186 674 1221 substantia
693 1186 868 1232 spirituali
883 1206 931 1211 —
945 1188 977 1220 E
991 1197 1036 1221 se.
1057 1186 1120 1222 Hic
1139 1187 1219 1222 Vir-

50 1245 158 1292 gilius
185 1246 309 1281 invitat
336 1249 480 1292 poetam
508 1245 553 1281 ad
584 1245 846 1291 experientiam
878 1245 956 1280 eius
990 1246 1088 1291 quod
1119 1246 1218 1291 dixit,

51 1305 192 1341 dicens:
212 1308 244 1340 E
266 1317 302 1340 se
328 1309 361 1340 Ιιι
385 1308 482 1350 forse
506 1307 602 1340 erede·
627 1307 676 1340 (ἤι’
691 1307 724 1340 io
746 1306 767 1340 ι’
781 1307 940 1349 inyanni,
959 1305 1127 1352 fingendo
1151 1307 1219 1342 hoc

50 1364 95 1400 ad
122 1365 412 1400 exhortationem
441 1365 493 1399 tui
520 1365 611 1400 sicut
637 1364 831 1410 aliquando
865 1365 943 1410 feci,
974 1367 1053 1410 sacti
1078 1364 1138 1401 vev-
1164 1367 1219 1409 lei,

51 1425 195 1470 scilicet,
230 1425 429 1470 flammam,
456 1436 474 1459 e
503 1426 581 1470 salli
612 1427 674 1470 sar
704 1426 890 1469 crederem,
928 1425 1021 1460 sicut
1053 1425 1219 1461 timentes

52 1495 234 1520 venenum
256 1485 375 1520 facere
393 1485 520 1530 solent,
536 1485 611 1521 sine
630 1485 838 1531 praeiudicio
859 1489 933 1529 tuo,
952 1487 1037 1520 colle
1054 1489 1107 1520 lue
1125 1487 1222 1520 mani

53 1545 91 1579 al
107 1544 214 1578 lembo
236 1545 287 1578 ἅθ’
302 1546 372 1578 tuoe·
386 1546 512 1588 panni,
532 1544 593 1590 qui
621 1548 705 1580 sunt
732 1544 931 1589 materiati3
951 1555 1035 1579 nam
1063 1545 1091 1579 si
1118 1544 1219 1590 ponis

51 1603 319 1639 extremitatem
355 1603 588 1650 guarnachiae
620 1607 692 1639 tuae
723 1603 817 1639 intra
850 1604 958 1639 istum
991 1604 1112 1650 ignem
1149 1614 1221 1639 non

50 1663 177 1709 perdet
203 1663 329 1709 pilum,
357 1663 405 1698 ita
439 1674 505 1699 nec
536 1674 669 1709 corpus
697 1666 815 1699 tuum.
844 1664 886 1699 Et
912 1664 1000 1710 petit
1031 1663 1219 1710 Virgilius:

50 1733 120 1768 pon
140 1721 198 1766 9151}
216 1725 322 1767 omni,
334 1734 404 1768 pou
424 1721 483 1767 ,qul
501 1725 584 1767 09712'
602 1727 769 1767 lemenza,
786 1726 821 1759 et
839 1734 928 1769 cape
946 1723 1079 1759 bonam
1099 1733 1218 1769 spem,

52 1783 170 1826 rolyz'ti
200 1783 234 1816 ἱη,
269 1793 351 1827 qua,
373 1783 450 1828 Jam
483 1783 652 1829 Virgilius
688 1783 839 1829 parabat
869 1783 1006 1819 intrare
1038 1783 1171 1829 ignem,
1204 1793 1221 1817 e

53 1842 141 1876 vieni
167 1843 253 1876 olere
278 1843 406 1885 siem-0,
433 1841 493 1877 sed
521 1842 654 1877 frustra
681 1842 874 1888 suadebat,
902 1842 982 1878 ideo
1003 1842 1106 1877 dicit:
1130 1846 1162 1877 el
1186 1843 1220 1876 io

48 1912 119 1946 pm·
141 1903 268 1946 ferme,
287 1901 402 1936 durus
422 1901 457 1935 in
483 1901 665 1947 proposito
684 1905 832 1948 propter
854 1902 1036 1947 timorem,
1059 1913 1076 1936 e
1096 1906 1219 1936 contra

52 1962 279 2005 conscienza,·
305 1960 390 2005 quia
415 1960 508 1995 bene
527 1960 697 1996 credebat
719 1961 910 2007 Virgilium
932 1961 1054 1996 dicere
1078 1971 1219 2005 verum,

52 2019 114 2055 sed
141 2030 249 2065 poena
277 2020 485 2055 retrahebat
516 2030 613 2055 eum.
643 2020 685 2055 Et
718 2020 846 2055 ultimo
878 2020 1031 2056 ostendit
1065 2021 1221 2066 qualiter

53 2079 221 2126 Virgilius
258 2083 447 2125 tamquam
484 2079 602 2115 bonus
640 2083 764 2115 orator
804 2079 929 2116 fecerit
959 2080 1220 2116 validissimum

51 2143 327 2185 argumentum,
347 2149 421 2184 quo
448 2139 670 2185 expugnavit
689 2139 859 2175 duritiem
879 2139 966 2175 eius.
991 2139 1091 2175 Unde
1117 2140 1220 2176 dicit:

58 2200 237 2240 Quand’et
262 2201 309 2234 mi
336 2200 410 2234 vide
436 2203 511 2233 star
535 2210 604 2243 pur
628 2201 743 2244 fermo
769 2210 786 2233 e
812 2200 916 2243 (Iuro,
944 2199 1045 2244 idest,
1083 2200 1221 2236 inflexi-

117 2327 144 2356 (¹)
159 2327 194 2351 Le
211 2328 298 2358 parole
316 2328 355 2352 fra
373 2329 379 2352 i
398 2329 446 2352 due
464 2328 594 2353 asterischi
607 2336 669 2353 sono
680 2330 790 2360 supplite
807 2330 846 2354 dai
863 2330 949 2355 Codici
966 2329 1116 2354 strozziano
1132 2337 1146 2354 e
1166 2333 1216 2355 117.
