1737 2836
463 254 600 280 CANTUS
627 254 818 281 SECUNDUS.
1155 250 1223 282 349

47 326 93 363 de
119 325 295 362 similibus
323 329 377 362 est
403 326 499 362 idem
521 326 722 373 judicium3
746 330 782 363 et
803 327 832 362 si
851 327 980 363 eadem
999 332 1093 364 esset
1115 339 1224 364 causa

47 386 123 422 sive
149 386 367 432 principium
392 386 556 432 formale,
576 390 797 432 sequeretur
814 384 863 432 (¹),
883 397 1012 423 omnes
1036 389 1147 424 stellae
1167 399 1226 424 es-

46 450 126 483 sent
153 446 316 482 eiusdem
345 446 487 483 virtutis
506 446 582 482 sive
602 446 765 492 effectus,
785 447 883 492 quod
904 453 958 484 est
976 448 1118 493 salsum,
1139 449 1224 494 quia

45 507 181 542 habent
207 507 369 542 diversas
395 506 549 543 virtutes
576 509 611 542 et
638 506 811 552 effeetus3
839 507 968 543 lucidae
989 508 1083 544 inter
1101 519 1151 554 se,
1172 512 1225 544 te-

47 568 213 603 nebrosae
232 567 326 603 inter
344 577 400 612 se,
415 577 499 602 nam
519 567 651 612 aliquae
670 570 755 602 sunt
773 567 909 613 ealidae,
924 568 1056 613 aliquas·
1073 569 1223 615 frigidae,

46 627 179 672 aliquae
198 631 423 673 temperatae,
434 630 474 662 ut
489 630 586 673 patet
602 637 665 673 per
681 627 912 673 Albumasar,
928 628 1170 664 Ptolomaeum
1188 633 1223 664 et

47 686 284 732 Altabicium3
305 690 339 722 et
364 698 429 733 per
452 697 679 733 consequens
698 687 831 723 debent
854 688 991 724 habere
1005 684 1040 732 (²)
1061 688 1223 724 diversas

47 757 177 783 causas
195 747 272 782 sive
291 747 463 793 principia
479 747 656 793 formalia,
672 758 755 793 quae
774 751 894 783 essent
910 748 1019 783 modo
1037 748 1222 784 destructa

46 810 181 853 praeter
208 817 336 851 unum,
356 807 491 843 scilicet
518 818 645 842 rarum
673 811 709 843 et
735 807 901 843 densum.
921 808 1026 843 Nunc
1044 808 1125 844 vide
1143 808 1224 844 lite-

46 877 137 902 ram.
167 867 257 902 Dicit
283 870 411 903 autor:
441 869 477 902 L’
491 872 609 903 ottava
628 878 746 913 spera,
766 868 912 913 scilicet,
935 868 1222 914 firmamentum,

44 929 79 962 vi
104 929 276 962 dimoslra
299 929 395 963 molli
412 929 507 972 lunii,
527 928 629 974 idest,
649 928 767 964 stellas
787 927 889 973 fixas,
909 939 992 973 quae
1013 924 1223 972 similiter(3)

44 987 224 1034 recipiunt
251 988 377 1023 lumen
403 998 425 1023 a
452 988 539 1033 sole,
568 989 660 1024 sieut
689 989 787 1034 luna,
820 990 833 1024 z'
859 990 966 1033 quali,
994 988 1139 1033 scilicet,
1167 989 1224 1023 lu-

44 1047 154 1092 mina,
181 1049 212 1082 si
232 1059 363 1092 posson
392 1052 516 1083 uocare
542 1050 579 1083 cli
604 1050 733 1083 diversi
752 1050 845 1092 volti,
868 1049 970 1094 idest,
992 1049 1221 1084 diversarum

43 1107 249 1143 formarum
278 1113 313 1144 et
341 1107 559 1154 figurarum,
586 1119 604 1143 e
630 1110 686 1144 nel
711 1110 823 1153 quale,
842 1109 944 1154 idest,
972 1109 1007 1144 in
1035 1109 1222 1154 qualitate,

48 1167 134 1212 quia
153 1167 285 1213 aliquae
311 1171 396 1202 sunt
424 1168 621 1214 nebulosae,
640 1168 773 1214 aliquae
795 1169 934 1214 lueidae,
962 1180 980 1204 e
1006 1171 1062 1204 nel
1077 1172 1221 1214 quanto,

44 1227 148 1272 idest,
175 1227 212 1262 in
245 1228 457 1273 quantitate,
493 1228 579 1273 quia
609 1228 742 1274 aliquae
776 1233 861 1264 sunt
894 1229 1062 1274 maiores,
1090 1230 1222 1275 aliquae

47 1286 225 1323 minores:
254 1298 354 1334 ergo,
376 1298 412 1322 se
432 1299 521 1323 raro
541 1299 558 1322 e
577 1290 698 1332 denso,
721 1298 803 1334 quae
824 1292 908 1324 sunt
933 1300 1004 1324 una
1023 1299 1145 1334 causa,
1163 1291 1222 1335 fa-

44 1356 157 1381 cesser
174 1343 238 1391 cio,
261 1347 363 1392 idest,
383 1348 476 1383 hane
497 1347 745 1383 diversitatem
769 1349 970 1394 stellarum,
993 1352 1101 1392 ίαηίο,
1120 1349 1220 1394 idest,

44 1406 289 1451 solummodo,
318 1417 388 1441 una
414 1409 491 1442 sola
518 1405 621 1451 virte'c,
641 1407 742 1452 idest,
771 1408 864 1443 idem
895 1408 1057 1454 effectus,
1079 1409 1222 1443 sarebbe

42 1469 79 1502 in
105 1471 197 1512 cutte,
225 1467 369 1512 scilicet,
399 1468 519 1513 stellis,
548 1468 633 1513 quia
666 1468 775 1503 unius
805 1479 925 1504 causae
959 1480 1055 1504 unus
1085 1473 1139 1504 est
1169 1468 1222 1504 ef-

42 1527 177 1572 fectus3
207 1528 274 1562 boc
301 1530 354 1563 est
381 1527 480 1572 quod
507 1538 635 1563 omnes
662 1528 790 1563 lucidae
816 1531 936 1564 essent
963 1529 1126 1564 eiusdem
1155 1539 1222 1564 na-

43 1590 147 1632 turae,
167 1590 202 1623 et
229 1587 416 1623 nebulosae
437 1587 587 1623 alterius
607 1591 765 1633 naturae3
786 1588 902 1624 virtus
920 1588 1013 1633 dico,
1030 1587 1090 1633 piel
1109 1600 1126 1623 e
1144 1599 1221 1624 men

42 1648 235 1693 distributa,
266 1648 334 1683 hoc
361 1651 415 1684 est
442 1648 477 1683 in
504 1648 614 1683 stellis
638 1648 878 1694 inaequalibus
898 1649 1013 1695 magis
1037 1652 1073 1684 et
1101 1649 1221 1684 minus

42 1708 245 1744 secundum
261 1719 391 1744 earum
408 1708 619 1754 qualitatem
635 1711 671 1744 et
686 1709 940 1754 quantitatem,
957 1713 988 1744 ec
1009 1711 1220 1753 altreclanto,

41 1767 142 1813 idest,
170 1768 206 1803 in
232 1768 343 1803 stellis
370 1768 573 1813 aequalibus
600 1769 800 1814 [equaliter.
830 1769 872 1804 Et
899 1769 1029 1815 probat
1051 1769 1147 1814 quod
1167 1768 1220 1804 di-

42 1838 159 1863 versae
186 1831 270 1862 sunt
297 1831 438 1862 naturae
465 1827 501 1862 in
524 1828 645 1872 stellis,
665 1828 750 1873 quia
770 1828 806 1863 in
825 1828 963 1863 mundo
982 1831 1066 1863 sunt
1087 1828 1218 1864 diversi

41 1887 205 1932 effectus,
233 1897 326 1932 quos
353 1890 496 1933 oportet
522 1888 717 1933 provenire
743 1898 764 1924 a
798 1888 949 1923 diversis
977 1888 1106 1933 causis,
1135 1898 1218 1932 quae

40 1951 125 1983 sunt
152 1947 326 1993 principia
354 1947 521 1982 formalia
547 1948 566 1967 ²¹<
581 1958 706 1983 rerum
728 1958 819 1993 quas
838 1948 1064 1994 producunt,
1089 1951 1124 1983 et
1152 1957 1216 1982 nos

40 2007 206 2043 videmus
233 2007 268 2042 in
296 2007 434 2042 mundo
453 2017 533 2042 esse
551 2007 713 2043 diversos
733 2007 886 2043 effectus
908 2007 971 2052 qui
993 2017 1065 2041 non
1086 2017 1219 2052 seque-

39 2070 168 2102 rentur
186 2078 207 2103 a
227 2077 311 2103 raro
338 2070 375 2103 et
401 2067 525 2112 denso,
546 2066 630 2112 quia
651 2067 812 2102 facerent
839 2066 957 2101 solum
980 2066 1092 2111 duos;
1114 2070 1149 2102 et
1167 2066 1217 2102 sic

37 2131 257 2173 sequeretur
276 2127 374 2173 quod
392 2127 514 2163 omnia
533 2127 706 2173 principia
726 2121 968 2171 formaliassff)
984 2130 1104 2162 essent
1119 2127 1217 2162 nulla

37 2191 171 2233 praeter
194 2198 322 2232 unum,
347 2187 480 2223 seilicet
499 2198 627 2222 rarum
647 2190 682 2223 et
701 2187 866 2222 densum.
886 2187 977 2222 Dicit
995 2197 1104 2233 ergo:
1127 2185 1214 2222 υιῖνίὰ

103 2281 129 2310 (¹)
147 2281 175 2304 E.
193 2283 346 2311 sequeretur
363 2281 431 2311 quod
449 2287 545 2304 omnes.
618 2280 644 2310 (²)
662 2283 684 2309 t,
702 2288 835 2311 apparere.
911 2279 937 2310 (²³)
956 2283 978 2309 t,
996 2280 1155 2310 simpliciter.

103 2319 128 2348 (⁴)
145 2319 180 2342 Le
198 2319 285 2349 parole
303 2319 342 2342 fra
360 2320 366 2343 i
385 2319 434 2343 due
451 2319 583 2343 asterischi
600 2326 646 2343 son
663 2319 774 2349 supplite
792 2319 859 2349 dagli
877 2318 936 2342 allri
954 2321 993 2342 tre
1010 2318 1104 2342 Codici.
