1766 2856
497 239 563 270 198
854 242 1058 268 COMENTUM
1085 241 1305 267 PURGATORH

493 318 584 353 alter
611 317 724 363 ipsam
754 315 957 352 felicissime
989 314 1191 350 ordinavit:
1220 317 1255 349 et
1291 312 1340 348 sic
1373 312 1455 348 vide
1485 315 1664 357 quantum

492 377 716 424 comparatio
744 376 787 411 sit
814 375 1164 411 convenientissima.
1186 373 1303 419 Scipio
1322 373 1419 408 enirn
1446 372 1666 408 virtuosissi-

494 448 576 473 mus
604 437 792 472 hominum
822 438 969 481 propter
996 435 1074 470 eius
1104 434 1216 469 vitam
1249 436 1285 469 et
1319 433 1472 468 virtutes
1507 433 1666 468 creditus

492 497 557 532 fuit
585 496 678 531 fillus
705 496 767 531 Dei
796 506 816 531 a
839 496 1035 542 J'uventute
1054 494 1202 530 visitans
1224 494 1419 539 templum3
1442 496 1478 528 et
1499 492 1666 528 Octavia-

493 567 561 592 nus
588 560 736 602 propter
763 556 840 592 eius
868 555 1073 591 felicitatem
1102 554 1197 590 dedit
1224 564 1351 599 pacem
1380 553 1530 597 mundo,
1553 563 1664 597 quem

492 617 664 652 fluentem
685 616 720 651 in
743 615 827 650 vitia
855 616 926 650 alta
949 614 1174 661 providentia
1195 613 1418 658 reformavit⁷
1441 613 1502 658 qui
1522 613 1666 648 habitus

492 682 545 713 est
571 687 637 722 pro
664 676 738 710 Deo
766 675 801 710 in
828 675 900 710 vita
920 678 955 710 et
975 678 1052 720 post
1071 677 1241 709 mortem.
1261 674 1340 716 Quo
1360 677 1525 719 tempore
1544 677 1580 709 et
1598 673 1666 708 sub

492 736 596 772 cuius
624 736 775 781 imperio
803 739 909 770 natus
928 731 962 778 Ν)
999 738 1052 770 est
1083 734 1246 770 Christus
1284 734 1494 780 redemptor
1528 733 1665 778 mundi,

492 797 555 842 qui
581 796 700 832 attulit
727 805 853 830 veram
874 805 1013 840 pacem,
1034 797 1069 830 et.
1088 794 1172 829 vitia
1193 794 1341 839 expulit.
1362 794 1440 839 Ipse
1458 793 1567 830 etiam
1590 793 1664 828 Au-

491 861 631 903 gustus,
660 859 700 890 ut
726 855 809 890 dicit
837 854 1041 899 Svetonius,
1069 854 1195 890 habuit
1214 864 1234 889 a
1256 854 1441 889 nativitate
1464 854 1499 888 in
1518 857 1666 899 pectore

492 920 527 951 et
555 918 683 951 ventre
705 918 807 950 notas
835 914 869 949 in
898 914 1049 950 modum
1077 918 1113 950 et
1139 914 1294 949 formam
1316 917 1351 949 et
1372 923 1570 949 numerum
1590 923 1667 949 coe-

491 976 587 1011 lestis
615 985 732 1020 ursae3
761 975 858 1020 quod
886 975 953 1009 fuit
979 974 1127 1010 evidens
1154 974 1311 1021 signum,
1332 973 1429 1019 quod
1449 984 1577 1009 omnes
1599 974 1667 1009 ha-

491 1036 646 1072 bitantes
666 1040 803 1071 terram
824 1039 1044 1082 regerentur
1062 1035 1107 1070 ab
1127 1045 1182 1079 eo,
1198 1035 1291 1070 sicut
1305 1044 1433 1069 omnes
1454 1034 1668 1080 navigantes

493 1100 673 1144 reguntur
692 1097 737 1132 ab
761 1107 856 1131 ursa.
877 1097 952 1131 Hoc
974 1099 1099 1131 autem
1120 1094 1423 1130 excellentissime
1449 1090 1666 1138 convenit&

492 1157 643 1192 Christo.
678 1156 730 1191 Ad
766 1157 908 1192 literam
937 1166 1037 1202 ergo,
1065 1155 1149 1190 dicit
1181 1158 1309 1200 poeta:
1340 1157 1418 1189 Non
1445 1156 1503 1189 che
1538 1157 1664 1199 Roma,

491 1217 594 1262 quasi
622 1216 728 1261 dicat,
755 1226 828 1251 non
855 1220 907 1252 est
935 1226 1064 1251 verum
1089 1215 1186 1260 quod
1211 1216 1338 1260 Roma,
1361 1216 1575 1258 ralleyrasse
1603 1216 1667 1259 Af-

489 1278 642 1321 fricano⁷
673 1276 833 1323 intellige
859 1276 903 1311 de
930 1275 1098 1311 Africano
1136 1275 1275 1310 maiore
1306 1285 1370 1320 per
1397 1274 1664 1319 excellentiam7

491 1337 595 1372 cuius
623 1336 829 1382 triumphus
857 1346 901 1371 ex
930 1335 1048 1371 Africa
1076 1335 1142 1370 fuit
1172 1334 1458 1381 gloriosissimus
1485 1334 1663 1379 omnium,

493 1401 532 1432 ut
556 1397 606 1432 ait
625 1397 757 1442 Livius,
789 1407 918 1431 ovvero
937 1399 1104 1439 Αιιῃιιείο,
1123 1395 1240 1430 dictus
1258 1395 1487 1439 Octavianus,
1509 1394 1571 1440 qui
1594 1404 1665 1429 non

494 1460 634 1493 tantuin
654 1457 757 1493 auxit
776 1457 970 1502 imperium
992 1460 1172 1501 quantum
1191 1455 1354 1490 Christus
1374 1455 1584 1500 ecclesian15
1604 1454 1667 1500 qui

492 1517 679 1563 Augustus
706 1519 779 1551 tres
807 1516 1012 1561 triumphos
1038 1516 1140 1550 duxit
1168 1516 1203 1550 in
1232 1516 1362 1560 triduo,
1392 1519 1432 1551 ut
1464 1515 1547 1551 dicit
1579 1515 1668 1551 Sve-

492 1576 612 1611 tonius
639 1576 745 1612 idem.
774 1576 815 1610 Et
843 1576 927 1621 quin
955 1575 1165 1620 exemplum
1199 1576 1404 1610 humanum
1433 1586 1505 1610 non
1533 1575 1667 1610 sufficit

491 1636 645 1671 ostendit
671 1636 779 1671 etiam
805 1636 953 1671 coeleste
973 1646 1044 1670 non
1063 1634 1246 1679 sufficere,
1269 1635 1411 1670 dicens:
1435 1645 1492 1668 ma
1515 1637 1593 1679 quel
1613 1637 1668 1670 del

490 1698 555 1740 sol,
587 1696 688 1741 idest,
720 1706 853 1731 currus
887 1695 1025 1740 solaris,
1062 1695 1123 1741 qui
1158 1695 1290 1730 dicitur
1325 1695 1418 1730 trahi
1451 1706 1471 1730 a
1506 1699 1666 1740 quatuor

491 1756 606 1802 equis,
633 1757 725 1792 sicut
761 1757 845 1791 olim
880 1766 1012 1791 currus
1039 1755 1278 1801 triumphali&
1315 1752 1407 1790 seria
1436 1766 1572 1800 pavero
1599 1766 1665 1791 con

491 1819 568 1863 ello,
605 1820 837 1863 comparatus
871 1817 917 1852 illi
951 1817 1091 1861 currui,
1124 1817 1205 1851 licet
1239 1816 1369 1850 habeat
1400 1820 1541 1851 tantum
1576 1816 1667 1851 duas

493 1881 606 1913 rotas:
635 1881 670 1913 et
697 1880 967 1923 supervagatur
994 1876 1159 1911 alludens
1191 1875 1323 1910 fabulae
1351 1876 1556 1920 Phaetontis,
1585 1886 1668 1921 quae

487 1939 564 1984 J'am
593 1938 706 1984 posita
734 1941 769 1972 et
796 1937 958 1983 exposita
987 1936 1053 1971 suit
1081 1946 1203 1982 supra,
1223 1935 1267 1971 de
1295 1946 1366 1980 qua
1394 1935 1478 1971 dicit
1505 1936 1606 1971 Plato
1633 1935 1667 1970 in

492 1999 641 2045 Tymeo,
664 1998 761 2043 quod
783 2009 853 2032 non
882 1997 947 2032 suit
974 1997 1107 2041 sabula,
1127 1996 1188 2031 scd
1210 2006 1266 2031 res
1290 2006 1388 2040 vera,
1408 1996 1476 2030 sub
1495 2006 1566 2041 qua
1589 1998 1667 2030 tan-

492 2059 590 2106 gitur
618 2058 785 2094 naturale
813 2058 1020 2094 incendium
1049 2061 1115 2093 etc.
1144 2056 1234 2091 Dicit
1261 2066 1368 2102 ergo:
1397 2057 1474 2100 quel
1499 2057 1555 2091 del
1580 2057 1663 2100 sole,

493 2119 595 2165 quasi
623 2118 727 2161 dicat,
757 2129 908 2152 currum
937 2118 1028 2161 dico,
1047 2119 1105 2152 clm
1124 2118 1286 2159 ευῖαηιίο,
1306 2116 1389 2160 quia
1413 2115 1566 2151 excessit
1588 2126 1668 2150 mo-

556 2235 581 2263 (¹)
600 2235 628 2257 E.
654 2237 727 2257 natus
750 2236 787 2257 cst
815 2234 972 2263 Redemptor
996 2233 1086 2256 mundi
1114 2232 1311 2263 pretiosis-imus
1339 2232 1463 2255 Dominus
1483 2234 1569 2254 noster
1594 2230 1668 2254 Jesus

493 2276 616 2301 Christus,
634 2273 677 2303 qui
695 2273 788 2296 attulit.

567 2312 583 2340 ²)
602 2312 630 2335 Ε.
649 2312 766 2335 convenit
786 2311 896 2335 Domino
913 2311 973 2334 Jcsu
991 2310 1099 2333 Christo·
