1737 2836
372 235 508 261 chTcs
534 234 724 260 leEsmcs
751 234 932 259 SEPTmL's.
1167 228 1234 259 149

66 307 360 352 i111711e1180‚idest,
384 307 561 351 maximis,
581 309 773 349 orizzonte,
802 307 864 352 qui
892 310 945 342 est
971 306 1128 341 circulus
1156 305 1237 340 fini-

68 371 124 403 tor
151 367 259 412 visus,
280 368 341 412 qui
364 367 485 402 dividit
513 367 772 412 hemisperium
796 366 963 413 superius
989 367 1035 401 ab
1063 365 1236 410 inferiori,

67 427 112 463 de
138 438 211 473 quo
239 439 335 463 nunc
368 427 530 472 loquitur
562 430 679 472 poeta,
709 430 801 472 fosse
829 429 917 472 fallo
951 428 1064 462 d'mw
1091 430 1235 470 ospello,

67 487 167 533 idest,
195 489 324 523 coloris
355 487 511 531 obscuri,
545 498 562 521 e
593 491 682 521 nolle
715 498 833 522 ncesse
866 492 944 522 little
973 498 1032 522 sue
1064 488 1234 531 despense,

68 547 168 592 idest7
195 547 498 593 dispensationes;
527 546 630 591 quasi
661 546 765 591 dicat,
803 551 1000 591 antequam
1039 550 1133 582 esset
1166 556 1237 581 nox

69 607 171 653 plena
200 608 347 653 ubique,
376 607 460 652 quia
487 610 566 652 post
596 616 766 641 occasum
800 606 882 640 solis
915 606 1033 640 adbuc
1071 608 1237 640 remanet

69 668 189 712 aliqua
216 678 299 713 pars
326 667 420 703 aeris
447 666 650 712 aliqualiter
677 666 869 709 luminosa,
896 665 999 710 quasi
1027 665 1140 700 dicat:
1169 665 1238 700 du-

70 730 173 762 rante
190 727 308 762 adbuc
327 727 464 761 lumine
483 726 705 772 providimus
726 725 826 760 uobis
840 725 978 761 deloco
996 725 1236 760 accommodo

68 786 113 821 ad
135 786 360 832 pausandum
391 786 424 820 in
454 789 568 821 nocte.
598 786 638 820 Et
666 786 721 820 hic
742 789 824 820 nota
843 785 940 830 quod
960 796 1024 831 per
1043 785 1111 820 hoc
1130 787 1237 830 poeta

69 845 129 880 dat
156 846 314 892 intelligi,
335 846 432 890 quod
454 845 626 890 disposuit
655 855 693 880 se
719 845 763 879 ad
793 844 1063 879 meditationem
1088 848 1238 879 noctur-

71 916 153 940 nam
182 916 266 941 cum
294 906 437 940 duobus
471 905 594 951 poetis7
623 906 739 940 altero
774 904 887 951 magis
924 904 1091 949 naturali,
1123 904 1238 939 altero

71 965 185 1011 magis
213 966 352 1009 morali,
380 975 465 1000 cum
494 969 641 1010 pararet
671 965 878 1000 describere
907 965 1097 1000 materiam
1126 965 1237 999 altam

70 1028 105 1060 et
131 1025 311 1069 subtilem,
332 1029 371 1059 ut
390 1025 460 1059 cito
480 1024 623 1069 patebit.
645 1024 686 1058 Et
704 1034 789 1059 ecce
809 1034 925 1069 quare
944 1025 1157 1059 locaverunt
1177 1033 1237 1059 se:

69 1082 139 1129 clze',
168 1085 266 1129 idest,
295 1085 392 1130 quia,
420 1086 454 1119 [α
482 1089 608 1119 παίω-α
636 1086 691 1119 del
715 1088 839 1129 monle,
862 1095 926 1130 per
952 1095 1062 1129 quem
1084 1095 1155 1119 uon
1175 1095 1240 1130 po-

71 1147 139 1179 test
166 1144 207 1179 iri
234 1144 279 1179 de
306 1148 422 1189 nocte,
445 1146 475 1179 ce?
501 1147 669 1189 affthse,
692 1144 794 1188 idest,
814 1144 919 1190 fregit
946 1148 979 1179 et
1004 1144 1150 1178 abstulit
1173 1155 1240 1179 no-

71 1204 136 1250 bis,
163 1207 198 1239 la
220 1215 328 1249 possa
355 1215 372 1239 e
390 1206 414 1239 'l
437 1206 551 1239 [lilelto
579 1205 633 1239 slel
653 1206 753 1248 sam,
773 1204 873 1248 idest,
896 1204 1092 1249 potentiam
1122 1208 1158 1239 et
1176 1204 1239 1239 de—

71 1264 299 1299 lectationem
328 1264 542 1299 ascendendi
569 1264 721 1298 ulterius
740 1273 805 1308 pro
828 1267 923 1298 tunc.
939 1283 986 1288 -—-
1005 1265 1115 1305 Quali.
1136 1263 1240 1298 Nunc

72 1327 176 1369 poeta
204 1323 371 1358 describit
400 1323 666 1368 dispositionem
696 1322 762 1366 sui,
783 1326 819 1358 et
845 1333 997 1357 suorum
1017 1322 1152 1358 ducum
1173 1332 1238 1368 per

73 1394 184 1418 unam
212 1383 523 1428 comparationem
544 1382 813 1417 subtilissimam
829 1378 876 1426 ξ’).
897 1382 948 1417 Ad
968 1383 1071 1417 cuius
1090 1382 1240 1418 eviden-

72 1443 158 1479 tiam
187 1447 240 1478 est
268 1442 466 1477 notandum
496 1442 592 1487 qnod
620 1445 725 1488 poeta
753 1445 875 1477 noster
908 1443 1154 1488 propriissime
1182 1453 1241 1477 as-

73 1503 204 1538 similat
231 1513 269 1538 se
295 1512 425 1548 caprae,
453 1506 488 1537 et
515 1502 626 1537 duces
653 1512 738 1537 suos
766 1502 980 1547 pastoribus.
1016 1502 1116 1537 Sicut
1142 1502 1239 1537 enim

75 1562 238 1598 videmus
264 1562 309 1597 de
336 1562 429 1597 sacto
456 1572 564 1607 capra
592 1561 737 1596 levitate
764 1561 925 1607 corporis
944 1564 981 1596 et
999 1561 1170 1596 acumine
1190 1561 1242 1595 vi-

73 1633 134 1657 sus
161 1622 272 1657 tendit
298 1622 342 1656 ad
369 1622 440 1657 alta
476 1621 667 1657 cacumina
697 1621 888 1665 montium,
924 1624 959 1656 et
995 1621 1087 1666 rapit
1121 1620 1242 1666 apices

73 1682 247 1718 arborum
283 1685 318 1717 et
352 1681 609 1728 virgultorum,
638 1685 673 1716 et
701 1681 846 1726 quando
881 1684 935 1716 est
968 1681 1084 1716 cibata
1120 1683 1243 1726 pastor

75 1742 214 1778 reducit
241 1752 321 1777 eam
350 1741 394 1776 ad
423 1741 605 1785 umbram,
629 1741 690 1776 ubi
719 1741 793 1786 ipsa
816 1741 1035 1786 quiescendo
1060 1741 1241 1786 ruminat3

71 1801 154 1836 *ita
180 1811 201 1836 a
229 1801 333 1835 simili
361 1804 465 1845 poeta
494 1804 615 1836 noster
643 1811 739 1835 nunc
767 1801 879 1836 tendit
897 1800 940 1835 ad
961 1801 1032 1835 alta
1057 1800 1188 1835 montis
1207 1804 1243 1836 et

75 1860 207 1906 colligit
226 1860 368 1895 floridas
386 1860 592 1904 sententias,
615 1860 744 1895 deinde
764 1860 921 1894 ruminat
939 1860 959 1880 ³³<
974 1856 1022 1904 ὃ),
1042 1863 1078 1894 et
1099 1860 1243 1895 discutit

74 1920 151 1955 illas
178 1919 245 1954 sub
264 1930 352 1954 cura
372 1922 407 1954 et
426 1919 587 1954 custodia
608 1930 761 1954 suorum
780 1922 980 1964 pastorum,
1000 1919 1143 1963 scilicet,
1163 1919 1244 1954 Vir—

74 1980 144 2026 gilii
174 1983 210 2015 et
235 1979 347 2023 Statii,
376 1979 437 2024 qui
465 1978 645 2014 ducebant
673 1983 707 2013 et
735 1979 937 2025 dirigebant
965 1989 1071 2023 eum3
1091 1982 1127 2014 et
1149 1980 1245 2015 stetit

76 2050 139 2084 per
166 2042 277 2074 totam
307 2041 449 2073 noctem
479 2038 607 2073 tacitus
635 2038 710 2073 sine
731 2038 848 2073 verbis
868 2038 902 2072 in
923 2038 1001 2073 loco
1023 2042 1059 2073 et
1078 2042 1243 2085 tempore

75 2097 234 2133 solitario
261 2101 344 2143 apto
370 2098 415 2133 ad
442 2097 725 2143 speculationem
746 2108 821 2132 suae
842 2108 945 2133 novae
964 2098 1138 2143 materiae,
1159 2110 1241 2144 quae

74 2157 144 2192 erit
165 2157 278 2192 multo
300 2157 406 2192 altior
425 2157 651 2203 praeceslenti.
672 2157 775 2192 Nunc
793 2157 918 2192 ordina
940 2158 1080 2193 literam
1102 2162 1137 2194 et
1156 2169 1244 2195 con—

138 2248 162 2276 (')
182 2250 234 2274 ¹¹7.
253 2249 368 2278 pulcram
386 2252 411 2272 ct
429 2249 626 2272 subtilissimam.

140 2285 164 2314 Ρ)
182 2286 216 2308 Le
234 2286 322 2315 parole
340 2286 377 2309 sra
396 2287 401 2309 i
419 2287 468 2309 due
486 2286 616 2310 asterischi
633 2293 696 2310 sono
713 2286 821 2316 supplite
840 2287 906 2317 dagli
925 2287 983 2310 altri
1002 2290 1040 2310 tre
1057 2287 1149 2312 Codici.
