1766 2856
494 231 565 262 234
857 236 1060 262 coMExTUM
1087 236 1203 262 PcRGA
1209 236 1307 261 Tonn

492 310 662 346 didissent
690 309 754 345 sibi
783 309 867 344 satis
893 308 1057 344 audaciae
1085 312 1120 344 et
1147 309 1221 355 spei
1249 319 1334 344 cum
1363 309 1486 346 favore
1508 322 1588 356 suo,
1618 312 1668 346 υί-

493 371 556 405 der
584 371 740 404 Beacrice
768 371 860 404 volta
886 370 921 404 in
948 379 987 403 su
1015 370 1049 403 la
1072 370 1175 413 fieret,
1203 369 1351 413 scilicet,
1370 370 1566 415 gryphum,
1585 372 1636 405 ch'
1652 368 1671 406 e*

492 432 567 465 sola
595 441 665 465 ima
686 440 856 474 persona,
884 429 1029 474 scilicet,
1058 429 1231 474 Christus,
1263 431 1296 463 in
1326 430 1390 464 dne
1416 434 1552 474 nature,
1575 430 1670 466 scili-

493 494 561 534 cet,
580 491 743 525 humana
769 492 805 525 et
823 489 954 524 divina.
975 490 1018 524 Et
1036 489 1205 525 describit
1224 490 1429 525 Beatricem
1451 500 1561 535 quam
1583 494 1669 526 tunc

494 550 579 585 vidit
606 550 651 585 ab
679 549 892 586 excellentia
928 549 1181 595 pulcritudinis
1213 550 1312 594 eius3
1341 553 1375 584 et
1408 549 1670 585 sententialiter

493 611 571 646 vult
599 611 720 646 dicere
747 610 844 655 quod
863 609 1008 645 Beatrix
1039 621 1136 645 nunc
1163 610 1317 645 ostendit
1346 609 1462 655 magis
1490 609 1670 645 excellere

493 681 532 706 se
559 671 671 716 ipsam
700 671 737 705 in
764 670 1007 716 pulcritudine
1033 670 1195 715 antiqua,
1220 680 1331 714 quam
1361 669 1557 705 excelleret
1583 669 1670 705 alias

493 730 658 766 dominas
688 730 776 765 dum
810 729 950 765 viveret
981 730 1016 764 in
1049 729 1202 764 mundo:
1234 732 1372 774 quanto
1406 739 1495 776 ergo
1528 729 1563 764 in
1598 728 1670 763 vita

494 790 694 826 excellebat
724 789 1006 835 pulcritudinem
1040 792 1271 834 caeterarum,
1300 792 1400 824 tanto
1431 799 1528 824 nunc
1561 798 1670 823 exce—

493 850 599 886 debat
628 849 910 895 pulcritudinem
938 849 1036 884 illam
1064 850 1264 895 antiquam.
1289 849 1469 884 Construe
1493 859 1583 895 ergo
1603 848 1668 883 sic:

492 910 550 945 illa
578 909 736 954 Beatrix,
752 911 916 954 pareczmi
933 911 1049 944 *ancer
1068 907 1128 954 ρίὰ
1146 921 1182 944 se
1199 914 1306 945 stessa
1329 911 1459 953 antica,
1478 920 1562 945 cum
1583 909 1669 944 olim

492 972 572 1005 erat
605 969 641 1003 in
673 969 822 1014 mundo,
850 971 909 1004 clze
941 971 1057 1004 vincer
1092 971 1217 1005 l'allre
1249 971 1319 1014 qut,
1347 969 1382 1004 in
1420 969 1556 1004 mundo
1591 969 1670 1013 isto,

493 1031 623 1073 quancl'
638 1031 704 1064 ella
731 1031 761 1064 ci
786 1040 863 1073 era,
891 1030 993 1074 idest,
1021 1033 1101 1065 erat
1128 1030 1184 1065 hic
1212 1030 1247 1064 in
1275 1030 1359 1075 vita,
1385 1034 1472 1064 solco
1497 1040 1560 1064 suo
1580 1030 1665 1074 velo,

492 1089 595 1134 quasi
623 1089 734 1124 dicat:
764 1089 845 1124 licet
873 1092 967 1124 esset
995 1090 1109 1125 latens
1136 1090 1204 1125 sub
1230 1090 1289 1124 illo
1309 1089 1390 1124 velo
1409 1089 1503 1133 albo7
1529 1092 1560 1123 et
1577 1090 1670 1123 oltra

493 1151 526 1184 Ia
554 1151 687 1193 ricem,
707 1149 808 1194 idest,
828 1153 864 1185 et
886 1150 1055 1194 quamvis
1082 1153 1176 1185 esset
1204 1149 1298 1184 ultra
1327 1150 1464 1184 flumen
1492 1149 1527 1183 in
1555 1148 1670 1184 altera

492 1209 581 1255 ripa.
599 1229 646 1234 —
661 1211 708 1244 Da·
727 1211 854 1254 pentir.
880 1210 943 1245 Hic
971 1214 1076 1255 poeta
1095 1210 1193 1255 ponit
1219 1209 1391 1245 effectum
1413 1209 1557 1244 visionis
1579 1209 1671 1244 Bea-

492 1269 602 1314 tricis,
632 1280 714 1315 quac
741 1270 807 1305 suit
835 1273 943 1305 tantae
972 1270 1115 1305 virtutis
1147 1274 1183 1305 et
1215 1269 1397 1314 efficaciae,
1426 1269 1523 1315 quod
1551 1269 1671 1305 subito

492 1331 672 1366 convertit
708 1341 874 1366 amorem
912 1341 1022 1376 quem
1057 1331 1215 1366 habebat
1249 1331 1294 1366 ad
1327 1330 1414 1366 alias
1450 1330 1485 1365 in
1521 1330 1671 1365 crudele

492 1391 628 1426 odium.
667 1391 758 1426 Dicit
794 1401 902 1438 ergo:
932 1393 1093 1426 L’orlae'ca
1121 1393 1157 1426 ch'
1183 1393 1314 1436 ponar,
1345 1391 1444 1435 idest,
1479 1390 1669 1427 stimulum

492 1451 739 1497 poenitudinis,
767 1453 814 1486 mc?
837 1462 947 1497 pzmse
973 1448 1014 1495 εὶ,
1034 1451 1135 1496 idest,
1158 1452 1206 1486 ita
1226 1451 1430 1497 penetravit
1449 1461 1512 1486 cor
1532 1461 1670 1496 meum,

492 1514 550 1555 iri,
578 1512 679 1556 idest,
708 1511 743 1546 iu
772 1511 829 1546 illa
857 1512 933 1557 rIpa
963 1522 1056 1556 mca‚
1085 1513 1142 1546 che
1170 1513 1263 1556 qual,
1295 1511 1396 1555 idest⁷
1422 1520 1671 1556 quaecumque

493 1583 561 1617 res,
589 1573 626 1606 cli
652 1576 729 1606 tutte
754 1573 843 1605 altre
865 1569 926 1615 pist
945 1573 992 1606 mi
1011 1576 1113 1616 lorse,
1137 1571 1237 1616 idest,
1259 1572 1379 1616 traxit,
1399 1573 1455 1606 nel
1470 1582 1532 1606 suo
1551 1581 1667 1615 amor,

491 1635 639 1678 propter
666 1631 962 1676 pulcritudinem,
985 1629 1046 1675 [11ἰί
1068 1633 1115 1666 me?
1140 1633 1170 1665 st
1193 1633 1237 1676 se'
1258 1633 1405 1675 mimica,-
1428 1635 1463 1666 et
1490 1641 1556 1676 per
1583 1640 1671 1665 con-

492 1702 659 1737 sequens,
694 1695 791 1726 tanta
830 1692 1105 1735 riconoscenzia,
1148 1691 1249 1736 idest7
1288 1690 1487 1737 recognitio
1519 1689 1667 1735 erroris,

492 1753 540 1787 mi
558 1762 672 1786 morse
698 1753 723 1785 z'l
747 1761 844 1795 eaor,
874 1750 976 1795 idest,
997 1750 1172 1786 remordit
1189 1747 1223 1794 (¹)
1253 1750 1511 1786 conscientiam
1535 1759 1670 1794 meam,

491 1813 589 1847 ck't'o
615 1812 720 1846 cadch‘
747 1813 852 1855 rimo,
883 1811 984 1856 idest,
1013 1811 1201 1846 convictus
1229 1810 1430 1846 rationibus
1457 1810 1531 1845 suis
1558 1809 1670 1845 cecidi

491 1872 537 1907 ad
565 1875 724 1916 terram3
754 1881 837 1906 nam
866 1870 942 1906 visa
971 1874 1069 1906 tanta
1089 1871 1303 1906 excellentia
1329 1869 1580 1916 pulcritudinis
1608 1879 1670 1905 co-

492 1932 603 1978 gnovi
639 1931 737 1977 quod
769 1942 899 1967 verum
933 1931 1084 1967 dixerat.
1119 1932 1161 1966 Et
1191 1931 1286 1976 dicit,
1315 1930 1413 1976 quod
1449 1941 1520 1966 non
1551 1933 1669 1976 potest

492 1992 700 2028 describere
728 1995 867 2027 tantam
895 1991 1228 2027 consternationem
1257 2001 1374 2035 suam,
1403 1990 1488 2035 quia
1516 1989 1669 2035 perdidit

493 2062 641 2088 sensum
669 2055 705 2087 et
732 2052 968 2088 intellectum.
998 2051 1088 2087 Dicit
1115 2062 1223 2098 ergo:
1252 2062 1269 2085 e
1295 2052 1379 2094 qual
1403 2052 1519 2085 allora
1535 2051 1666 2094 sommi,

493 2111 592 2156 idest,
621 2122 734 2157 quam
762 2113 951 2157 alienatus,
979 2113 1064 2147 salsi
1089 2113 1184 2156 colei,
1216 2111 1316 2156 idest,
1344 2110 1489 2146 Beatrix
1515 2110 1580 2145 scit
1602 2109 1666 2145 sibi

491 2172 559 2207 hoc
588 2182 659 2207 non
688 2182 768 2218 ego,
788 2173 873 2217 quia
893 2173 968 2218 ipsa
990 2183 1049 2208 me
1068 2172 1212 2208 videbat
1231 2182 1302 2207 non
1322 2181 1403 2217 ego,
1423 2171 1481 2205 che
1498 2171 1546 2205 mi
1560 2181 1669 2215 porse

556 2301 583 2331 (¹)
601 2301 629 2324 E.
647 2301 795 2325 momordit.
