1766 2856
511 241 556 272 64
872 243 1075 269 COMENTUM
1101 242 1321 268 PURGATORH

580 319 666 362 Dele,
685 319 788 363 frate.
817 317 885 351 Ista
908 319 963 351 est
991 318 1122 360 quarta
1150 318 1186 350 et
1214 314 1342 349 ultima
1370 325 1453 360 pars
1468 311 1517 360 ζ’),
1545 314 1581 349 in
1609 323 1682 359 qua

507 381 613 424 poeta
641 376 846 412 manifestat
868 375 1016 410 Foresio
1035 374 1221 420 quomodo
1250 374 1390 410 venerit
1410 375 1481 410 huc
1503 374 1621 419 vivus,
1645 376 1682 409 et

509 438 570 483 qui
597 440 681 472 sunt
708 436 780 471 duo
807 435 919 471 duces
945 435 1021 470 sui:
1051 438 1086 471 et
1112 435 1230 481 primo
1251 435 1388 470 inducit
1408 434 1600 470 Foresium
1627 435 1683 470 in-

508 500 676 541 stantem,
705 499 746 531 ut
772 506 844 530 non
871 495 1013 531 differat
1041 495 1195 531 ulterius
1219 495 1440 540 respondere
1466 495 1511 530 ad
1538 495 1683 541 petitio-

509 566 593 592 nem
620 567 737 591 suam.
766 555 856 591 Dicit
883 566 973 602 ergo
1000 555 1169 591 Foresius
1195 555 1445 601 deprecative:
1469 556 1542 590 Dela
1565 557 1684 600 frate?

509 616 613 662 quasi
639 616 752 652 dicat:
781 626 870 662 rogo
899 619 945 661 te,
973 615 1159 651 carissime
1182 615 1306 660 frater,
1325 626 1368 650 οι·
1387 616 1437 660 fa’
1453 616 1511 650 elce
1531 612 1594 659 pi&
1614 624 1683 649 non

509 678 557 711 mi
582 678 606 711 lt
631 678 711 721 celt;
737 679 931 722 postquam
962 675 1129 721 respondi
1159 675 1221 710 tibi
1249 675 1354 721 plene
1381 679 1417 711 et
1443 674 1684 710 amicabiliter

509 736 555 772 ad
582 739 784 781 utrumque
811 735 1005 780 quaesitum
1036 739 1141 769 tuum
1171 738 1245 770 tam
1270 735 1457 780 publicum
1478 745 1590 780 quam
1609 734 1684 780 pri—

509 799 646 831 vatum.
675 796 717 830 Et
743 795 787 830 ad
820 794 1035 840 captandam
1072 794 1213 839 plenius
1247 794 1552 839 benevolentiam,
1579 793 1682 829 dicit:

509 857 586 891 ‘cecla'
616 857 674 890 che
706 866 773 889 non
799 866 869 899 pm·
895 856 941 898 io,
976 854 1036 899 qui
1066 854 1148 889 novi
1177 858 1212 889 te
1246 854 1281 889 in
1313 854 1386 890 vita
1418 858 1454 890 et
1485 854 1683 901 recognovi

508 919 544 951 te
571 915 690 950 statim
719 915 828 960 paulo
855 918 950 959 ante,
988 925 1045 949 ma
1073 918 1156 949 tutta
1183 918 1301 958 questa
1322 918 1432 959 yeme,
1453 915 1553 960 idest,
1574 915 1683 950 turba

508 974 671 1009 maxima
700 974 928 1021 gulosorum,
955 976 1082 1009 rimira
1111 969 1144 1008 [ἀ
1172 975 1260 1009 (Iove
1292 976 1316 1009 tl
1346 976 1400 1009 sol
1434 976 1511 1018 veli,
1538 974 1683 1020 scilicet,

509 1044 593 1069 cum
623 1034 756 1069 umbra
783 1034 946 1079 corporis
965 1034 1028 1078 tui,
1049 1033 1146 1079 quod
1170 1044 1241 1069 non
1265 1034 1397 1069 faciunt
1418 1033 1561 1068 umbrae
1582 1044 1683 1069 mor—

509 1098 671 1129 tuorum.
700 1094 742 1128 Et
769 1094 887 1129 subdit
909 1094 1093 1139 quomodo
1114 1094 1295 1139 respondit
1319 1094 1436 1139 primo
1455 1094 1602 1129 Foresio
1621 1104 1684 1130 oc—

509 1154 617 1198 culte,
640 1153 688 1189 ita
716 1153 813 1198 quod
841 1153 923 1189 facit
949 1153 1231 1189 insinuationem
1254 1154 1431 1199 captando
1458 1154 1683 1190 benevolen-

510 1214 618 1257 tiam,
647 1217 681 1249 et
701 1213 960 1249 sententialiter
980 1214 1057 1248 vult
1076 1214 1208 1258 dicere,
1229 1214 1327 1259 quod
1349 1214 1518 1249 Foresius
1539 1225 1610 1249 non
1631 1218 1683 1250 est

509 1278 651 1309 tantum
668 1276 830 1308 mutatus
849 1273 884 1308 in
903 1283 1068 1319 corpore,
1089 1277 1281 1319 postquam
1302 1277 1470 1309 mortuus
1485 1278 1550 1319 est,
1565 1285 1684 1319 quan-

509 1337 587 1368 tum
616 1333 690 1378 ipse
717 1336 881 1368 mutatus
908 1336 961 1368 est
988 1333 1121 1368 animo.
1142 1333 1231 1368 Dicit
1255 1343 1363 1380 ergo:
1381 1335 1544 1378 perelt’io
1571 1345 1593 1369 α
1621 1336 1680 1378 lui,

508 1393 646 1439 supple,
674 1393 770 1427 dixi:
797 1404 833 1427 se
869 1394 893 1427 [ι’
925 1394 1039 1428 riclztci
1069 1404 1090 1427 α
1122 1396 1242 1436 mente,
1271 1393 1372 1438 idest,
1401 1404 1552 1429 revocas
1584 1394 1628 1429 ad
1646 1389 1680 1438 ῥ’)

509 1457 668 1489 mentem
697 1457 731 1488 et
760 1453 990 1497 memoriam,
1019 1454 1102 1497 qual
1119 1455 1204 1498 susti
1232 1464 1337 1497 meco,
1357 1453 1392 1488 in
1413 1454 1528 1499 patria
1548 1457 1682 1499 nostra,

508 1514 602 1549 inter
630 1514 706 1548 illas
734 1513 881 1557 sirenas,
911 1524 927 1547 e
950 1514 1033 1556 (μιαί
1053 1515 1085 1548 to
1104 1517 1174 1548 leco
1194 1515 1258 1558 stet,
1286 1514 1512 1549 convivendo
1538 1517 1681 1559 tecum3

507 1575 532 1608 tl
567 1583 744 1607 memorat·
769 1576 943 1616 presente,
982 1572 1088 1617 idest,
1122 1582 1280 1618 praesens
1321 1573 1534 1618 recordatio,
1572 1585 1684 1609 αηεον

505 1635 555 1677 fist
573 1644 697 1676 (frate,
718 1632 818 1677 idest,
839 1632 907 1667 erit
926 1632 1121 1667 molestum
1152 1632 1266 1677 nobis,
1285 1633 1369 1677 quia
1390 1633 1569 1669 memoria
1589 1644 1684 1679 prae—

509 1693 702 1728 teritorum
732 1692 826 1727 inter
848 1702 913 1727 nos
933 1702 1005 1727 non
1025 1692 1085 1727 [iet
1104 1692 1180 1727 sine
1199 1692 1324 1727 dolore
1343 1695 1377 1727 et
1399 1692 1557 1738 pudore3
1578 1693 1682 1738 quasi

508 1752 613 1797 dicat,
643 1752 749 1787 tacite
770 1764 777 1786 :
806 1751 833 1786 si
861 1755 899 1786 tu
928 1751 1132 1787 recordaris
1152 1752 1260 1786 modo
1283 1762 1414 1787 eorum
1434 1763 1516 1798 quae
1539 1753 1683 1789 diceba—

509 1823 592 1847 mus
619 1815 653 1847 et
682 1811 904 1846 faciebamus
932 1822 1025 1846 vane
1052 1811 1214 1846 vacando
1236 1811 1401 1856 lasciviis,
1423 1812 1624 1858 amoribus,
1647 1816 1682 1849 et

507 1871 585 1907 aliis
605 1871 714 1906 rebus
730 1871 841 1916 vanis,
858 1874 1052 1916 sequentes
1069 1871 1294 1907 delectabilia
1310 1882 1382 1906 non
1398 1872 1566 1918 honesta3
1582 1876 1682 1909 certe

508 1931 586 1966 talis
614 1931 793 1966 memoria
821 1931 890 1966 erit
916 1941 1043 1966 amara
1064 1931 1136 1975 tibi,
1160 1931 1222 1975 qui
1251 1931 1306 1966 hic
1334 1932 1503 1978 purgaris
1530 1936 1571 1967 ut
1597 1943 1682 1978 per-

508 1991 632 2026 venias
658 1991 703 2026 ad
739 1991 883 2026 beatam
912 1991 1036 2035 vitam,
1068 1994 1103 2026 et
1138 1991 1223 2025 mihi
1252 1991 1314 2036 qui
1346 2002 1473 2036 quaero
1506 1992 1679 2028 virtutem

507 2054 543 2085 et
569 2051 723 2095 gloriam
751 2051 892 2097 magnis
924 2050 1108 2086 laboribus
1141 2054 1177 2086 et
1213 2051 1352 2097 vigiliis,
1381 2054 1415 2086 et
1447 2062 1529 2086 sum
1566 2052 1681 2088 factus

507 2120 624 2145 novus
661 2110 771 2144 homo
804 2113 983 2155 maturus,
1011 2110 1133 2156 gravis
1161 2113 1193 2146 et
1235 2111 1328 2147 bene
1364 2117 1539 2148 moratus.
1563 2132 1611 2137 —
1634 2114 1681 2147 Di

508 2171 630 2214 quella.
658 2169 722 2204 Hic
750 2172 854 2214 poeta
875 2170 1066 2215 respondet
1085 2173 1210 2216 aperte
1233 2171 1390 2216 qualiter
1413 2171 1518 2207 vivus
1539 2172 1680 2207 venerit

570 2299 596 2328 (¹)
614 2298 643 2322 E.
662 2305 720 2328 pars
738 2299 814 2322 huius
831 2299 944 2329 capituli,
964 2299 988 2322 in
1005 2306 1063 2329 qua.
1192 2299 1217 2326 (ΨΑ
1238 2303 1289 2329 117,
1309 2301 1338 2324 ad
1356 2300 1518 2324 memoriam.
