1737 2836
496 226 633 251 CANTUS
661 224 841 250 SEPTIMUS.
1191 214 1260 244 477

80 305 135 338 est
153 301 317 337 distincta
333 300 379 335 ab
393 299 479 344 alia;
497 298 594 334 unde
607 298 708 333 dicit:
728 300 848 332 creata
862 297 901 341 [ιι
923 297 958 330 la
977 295 1125 329 maceria
1143 294 1262 336 cle'eyli

80 364 214 405 hanno,
228 360 375 405 scilicet,
397 359 551 395 materia
567 358 777 405 praeiacens,
792 357 850 392 vel
866 355 1020 391 materia
1040 354 1156 400 prima
1177 363 1260 398 quae

79 423 212 459 dicitur
240 422 298 468 yle
315 417 364 465 (¹),
391 424 511 455 creata
536 422 575 465 su
606 421 641 454 la
674 415 763 453 virt&
801 419 1024 462 informante,
1056 424 1139 460 quae
1165 412 1261 448 dedit

81 484 237 519 formam
266 481 328 526 eis,
351 482 387 515 {n
414 483 527 524 queste
549 480 641 513 stelle
659 479 870 512 clte¹nl0rno
895 487 918 511 α
942 477 997 511 lor
1017 485 1148 517 vanno,
1175 472 1260 518 qnia

79 545 221 590 spherae
240 542 408 578 coelestes
430 540 631 575 volvuntur
651 538 748 573 circa
769 538 919 583 spheras
945 536 1201 572 elementares.
1214 553 1261 558 -—

81 605 264 640 L'anima.
293 602 357 637 Hic
386 600 532 636 Beatrix
561 599 718 635 ostendit
746 598 840 633 idem
874 597 911 632 in
942 596 1135 632 animabus
1163 593 1260 639 quod

74 665 151 711 Jam
180 662 336 699 ostendit
363 662 398 696 in
425 660 661 706 corporibus:
690 662 725 695 et
744 658 822 694 vult
850 656 1111 693 sententialiter
1138 655 1261 689 dicere

79 724 177 770 quod
214 723 306 758 sicut
339 722 372 757 in
410 720 625 766 corporibus
659 719 783 764 aliqua
816 721 901 753 sunt
938 716 1121 752 mediante
1156 714 1260 758 coelo,

80 786 174 821 sicut
200 785 382 819 elementa
410 785 446 817 et
473 782 705 824 elementata,
733 778 855 824 aliqua
886 788 976 813 vero
1003 775 1213 811 immediate
1241 784 1261 808 a

79 846 168 890 Deo,
188 844 281 879 sicut
309 843 372 888 ipsi
400 841 500 886 coeli3
531 841 577 876 ita
604 840 737 885 aliquae
765 838 897 874 animae
929 836 1118 872 subiacent
1146 832 1261 868 motui

81 905 176 950 coeli,
204 904 284 940 ideo
312 903 447 939 habent
465 902 575 937 finem
604 904 640 936 et
666 898 962 945 corruptionem,
983 895 1150 942 quaedam
1173 904 1262 929 vero

82 976 154 1002 non
182 964 371 1001 subiacent
404 962 520 998 motui
554 960 648 1005 coeli,
676 959 757 995 ideo
789 961 873 993 sunt
906 956 1141 992 immortales.
1170 953 1262 988 Dicit

82 1036 192 1073 ergo:
213 1027 261 1059 Lo
279 1025 408 1068 rayyt'o
435 1024 490 1057 e’l
516 1025 606 1056 moto
633 1021 718 1055 delle
740 1020 806 1054 luci
823 1021 932 1060 sance,
953 1016 1053 1060 idest,
1075 1013 1259 1049 influentia

80 1090 117 1122 et
150 1086 265 1121 virtus
302 1084 502 1127 stellarum,
537 1083 619 1125 cira,
659 1080 760 1123 idest,
802 1078 907 1122 elicit,
944 1077 1100 1111 Ιάηἱηια
1134 1075 1261 1117 d'oym'

81 1147 195 1190 bruco,
223 1145 324 1190 idest,
352 1154 501 1179 omnem
529 1141 691 1178 animam
720 1139 941 1182 sensitivam,
972 1148 989 1171 e
1015 1137 1101 1171 delle
1129 1136 1260 1179 plante,

81 1207 184 1252 idest,
212 1216 360 1242 ornnem
389 1204 549 1239 animam
579 1201 837 1248 vegetativam,
873 1199 910 1233 dt
940 1198 1166 1241 complession
1193 1206 1262 1239 po—

81 1268 247 1309 tennala,
275 1265 360 1310 quia
388 1264 467 1299 talis
493 1263 616 1298 anima
643 1260 812 1296 educitur
831 1258 876 1294 de
898 1257 1057 1304 potentia
1086 1255 1261 1299 materiae,

82 1327 173 1363 idest
190 1322 225 1370 (²)
253 1325 362 1361 simul
390 1334 474 1360 cum
503 1333 658 1368 corpore
685 1321 815 1365 oritur,
843 1319 952 1354 simul
984 1316 1153 1352 moritur.
1182 1316 1260 1351 Non

82 1388 131 1423 sic
155 1390 209 1423 est
235 1387 280 1422 de
306 1385 428 1421 anima
453 1383 632 1427 rationali,
653 1381 738 1427 qnia
755 1376 791 1424 f)
814 1379 912 1415 venit
930 1378 976 1413 ab
996 1380 1111 1421 extra,
1127 1375 1261 1411 scilicet

81 1459 102 1484 a
130 1448 218 1491 Deo,
246 1450 282 1482 et
309 1449 364 1482 est
392 1454 449 1480 res
476 1443 608 1479 divina.
636 1441 738 1477 Unde
765 1439 867 1475 dicit:
896 1449 953 1473 ma
981 1439 1016 1472 la
1042 1446 1176 1472 somma
1206 1435 1262 1469 be-

82 1510 255 1550 ninanza,
284 1507 384 1550 idest,
406 1502 661 1540 benevolentia
689 1505 724 1536 et
751 1498 954 1545 benignitas
980 1497 1055 1542 Dei,
1075 1498 1172 1541 spira
1199 1505 1263 1529 ηο-

82 1572 158 1603 slra
185 1569 269 1610 vica,
297 1566 388 1601 idest
414 1564 576 1600 animam
612 1563 813 1597 humanam
849 1558 1009 1595 creando
1041 1556 1193 1592 infundit
1227 1558 1262 1590 et

83 1626 305 1663 infundendo
333 1628 445 1669 creat,
473 1633 580 1658 senza
609 1632 743 1665 mezzo,
775 1619 851 1655 sine
878 1618 1090 1664 operatione
1120 1615 1213 1659 coeli,
1246 1626 1263 1650 e

83 1689 118 1723 la
143 1689 335 1722 innumera
362 1686 398 1720 da·
424 1682 472 1727 se‘,
492 1682 577 1728 quia
598 1679 774 1716 naturalis
800 1689 906 1714 amor
933 1681 987 1713 est
1013 1677 1058 1712 ad
1086 1676 1215 1719 Deum,
1235 1670 1263 1709 si

83 1749 142 1783 che
163 1749 226 1792 pot*
251 1756 387 1790 sempre
413 1746 447 1779 la
474 1745 600 1786 distra,
619 1741 705 1787 quia
725 1749 931 1785 numquam
952 1737 1139 1784 quietatur
1158 1746 1263 1771 amor

84 1812 121 1845 et
147 1806 367 1843 desiderium
397 1803 554 1840 hominis
581 1802 647 1838 nisi
666 1802 701 1837 in
721 1801 792 1836 fine
814 1800 940 1836 redeat
958 1798 1003 1834 ad
1023 1798 1140 1844 ipsum
1164 1796 1263 1842 prin—

84 1869 231 1915 cipium.
261 1867 302 1901 Et
328 1865 386 1900 hic
414 1867 497 1900 nota
526 1863 624 1908 quod
651 1872 737 1897 cum
772 1861 870 1895 Deus
902 1868 1047 1894 summe
1083 1858 1201 1892 bonus
1228 1858 1263 1890 et

84 1930 244 1977 perfecte
262 1927 392 1962 beatus
412 1923 633 1960 aeternaliter
653 1921 774 1966 fuerit,
794 1920 908 1955 voluit
928 1920 1048 1954 facere
1070 1917 1158 1952 alios
1181 1925 1264 1961 par-

85 1990 208 2036 ticipes
227 1985 459 2023 beatitudinis
474 1978 526 2029 (4),
543 1987 578 2019 et
598 1982 683 2028 quia
702 1981 780 2017 eius
799 1978 986 2014 beatitudo
1007 1986 1078 2012 non
1098 1978 1215 2021 potest
1227 1970 1263 2019 (5)

85 2047 291 2097 participari
319 2046 383 2081 nisi
412 2055 476 2091 per
503 2043 740 2085 intellectum,
759 2043 793 2075 et
821 2041 959 2084 quanto
988 2036 1104 2082 magis
1132 2034 1265 2070 intelli-

85 2111 195 2158 gitur,
224 2110 324 2143 tanto
352 2105 468 2152 magis
496 2104 663 2146 babetur,
692 2101 771 2137 ideo
800 2099 882 2135 fecit
916 2097 1130 2133 rationalem
1159 2105 1264 2131 crea—

86 2174 208 2206 turam
238 2171 278 2202 ut
305 2166 532 2212 intelligeret,
560 2160 792 2207 intelligendo
819 2162 974 2203 amaret,
997 2156 1154 2193 amando
1181 2166 1263 2201 pos-

149 2265 175 2294 (¹)
196 2263 223 2286 E.
242 2263 292 2286 ilia.
562 2258 587 2286 (²)
606 2257 634 2280 E.
654 2256 711 2279 ideo
729 2254 814 2278 simul.
886 2252 911 2282 (Β)
930 2252 959 2275 E.
978 2258 991 2275 e
1010 2253 1032 2279 a,
1050 2257 1107 2281 quae
1126 2250 1202 2273 venit.

149 2303 174 2332 (¹)
193 2302 222 2325 E.
241 2308 293 2324 snae
311 2299 483 2324 beatitudinis,
564 2297 589 2326 (³)
607 2295 636 2319 E.
655 2294 746 2325 potuit.
