1766 2856
512 234 582 267 314
908 241 1112 267 COMENTUM
1140 243 1307 267 PARADISI

510 315 771 350 sententialiter
799 314 878 349 vult
905 313 1028 349 dicere
1055 314 1154 359 quod
1181 315 1298 350 sactus
1325 319 1380 351 est
1406 327 1502 351 unus
1525 327 1570 352 ex
1590 316 1694 351 nobi-

508 375 601 410 libus
629 375 735 420 pullis
763 374 865 409 istius
892 375 975 410 altae
1003 375 1156 421 aquilae3
1185 386 1269 411 nam
1305 376 1435 412 oculus
1467 377 1545 413 eius
1577 377 1692 424 respi-

507 435 605 470 ciens
633 435 759 470 oculos
786 434 973 480 Beatricis,
994 435 1184 482 vigoratus
1212 436 1321 482 coepit
1355 436 1536 482 respicere
1563 438 1690 484 solem,

507 495 605 540 quod
632 494 732 541 prius
768 494 890 530 facere
926 506 999 530 non
1036 499 1218 541 potuerat,
1251 507 1271 532 a
1304 496 1411 532 simili
1444 497 1537 532 sicut
1568 498 1692 533 radius

506 556 590 591 solis
618 556 798 591 refractus
825 555 860 590 in
887 556 1036 601 speculo
1064 557 1187 592 resalit
1215 568 1365 592 sursum
1394 567 1524 593 versus
1557 568 1690 604 corpus

507 616 602 661 solis,
622 616 726 661 quasi
749 616 874 652 volens
902 616 1023 652 redire
1049 617 1095 653 ad
1123 617 1247 652 locum
1269 617 1367 653 unde
1386 618 1488 664 prius
1516 623 1688 664 venerat,

507 676 555 712 ita
583 677 786 712 intellectus
814 676 952 712 autoris
980 677 1083 722 quasi
1112 677 1262 722 quidam
1283 677 1407 713 radius
1434 678 1518 713 solis
1540 679 1691 725 justitiae

506 736 631 772 volens
650 747 748 772 nunc
769 737 888 772 redire
907 737 952 772 ad
972 737 1090 783 ipsum
1110 737 1208 773 unde
1228 741 1392 783 venerat,
1409 738 1625 784 respiciebat
1645 739 1690 775 ad

505 797 630 832 oculos
663 797 849 842 Beatricis,
883 796 984 841 idest,
1013 797 1362 842 contemplationem
1399 801 1435 833 et
1471 799 1691 844 speculatio-

506 867 589 892 nem
618 857 828 902 theologi&
858 860 892 892 et
921 856 989 892 isto
1017 857 1126 892 modo
1154 858 1325 893 resalibat
1342 858 1387 894 ad
1409 859 1560 905 coelum,
1580 862 1615 895 et
1638 860 1693 895 in—

503 917 657 963 cipiebat
685 926 791 962 posse
818 916 944 953 videre
971 917 1085 953 solem
1115 921 1311 963 aeternum,
1340 919 1437 964 quod
1466 919 1588 955 facere
1616 930 1688 955 non

501 980 644 1023 poterat
672 976 738 1011 nisi
767 976 950 1012 mediante
978 977 1045 1013 ista
1073 988 1178 1013 sacra
1206 977 1365 1013 scientia.
1391 976 1579 1023 Ordi11a(¹)
1606 979 1688 1015 lite-

501 1047 583 1072 ram
612 1046 696 1082 quae
723 1040 776 1072 est
804 1037 905 1072 sortis
933 1041 968 1072 et
995 1041 1170 1073 construe
1198 1038 1267 1083 εἷος
1297 1048 1386 1084 cape
1413 1039 1502 1074 illud
1520 1050 1551 1083 e,
1571 1042 1608 1075 et
1626 1039 1689 1075 de-

503 1097 638 1133 scende
665 1096 815 1132 inferius
842 1097 904 1132 ubi
931 1097 1015 1133 dicit
1042 1099 1068 1132 il
1093 1099 1175 1141 mio,
1198 1101 1234 1133 et
1253 1098 1328 1133 dic:
1349 1101 1381 1133 E
1399 1100 1426 1133 il
1444 1100 1525 1144 mio,
1547 1099 1688 1145 supple,

503 1161 619 1201 actus,
649 1159 764 1203 infizso
791 1159 889 1202 dagli
915 1159 977 1192 am?
995 1159 1084 1201 suoi,
1107 1157 1253 1204 scilicet,
1274 1158 1457 1204 BeatriciS,
1478 1170 1545 1204 per
1563 1161 1613 1204 9ῖὶ
1632 1170 1690 1194 oc-

503 1220 568 1262 clce',
598 1218 744 1263 scilicet,
772 1228 886 1264 meos,
906 1219 936 1253 si
958 1220 1031 1263 fece
1049 1220 1125 1253 nell'
1141 1220 1293 1262 imagine
1312 1220 1395 1264 ηιῖα,
1418 1219 1520 1264 idest,
1540 1219 1576 1254 in
1595 1219 1689 1255 ima-

502 1278 662 1325 ginativa
684 1289 777 1323 mea,
797 1275 826 1314 si
848 1290 943 1314 come
961 1280 1103 1323 rczyyt'O,
1123 1279 1269 1325 scilicet,
1294 1279 1389 1325 solis,
1409 1281 1503 1315 suole
1521 1282 1616 1315 Γιιεοίν
1634 1281 1690 1316 del

499 1341 630 1384 primo,
658 1339 804 1385 scilicet,
832 1340 1016 1375 mediante
1043 1340 1193 1386 speculo
1214 1340 1270 1375 vel
1289 1351 1398 1386 aqua,
1419 1343 1454 1376 et
1474 1340 1567 1376 sicut
1586 1341 1688 1387 solet,

501 1401 624 1435 risalir
663 1401 794 1443 itzsnso,
829 1400 975 1446 scilicet,
1010 1410 1139 1436 versus
1174 1400 1293 1446 ipsum
1329 1401 1457 1446 solem,
1486 1412 1558 1446 pm·
1595 1412 1690 1437 come

497 1462 665 1504 pereffl'in
692 1462 751 1495 elle
778 1465 905 1496 tornat·
926 1463 1035 1505 mole,
1055 1461 1201 1506 seilicet,
1229 1460 1275 1497 ad
1303 1461 1427 1497 locum
1456 1461 1554 1497 unde
1573 1472 1686 1498 vene-

502 1524 576 1566 rat,
596 1524 632 1556 et
651 1521 720 1556 hoc
740 1521 818 1556 vult
846 1521 1004 1556 naturali
1029 1521 1240 1567 intentione,
1262 1521 1451 1569 intelligas,
1472 1522 1559 1567 quia
1577 1522 1686 1558 aliam

502 1582 729 1617 voluntatem
759 1592 830 1616 non
859 1581 968 1617 habet
996 1581 1120 1616 radius
1153 1581 1293 1626 solaris,
1326 1582 1374 1617 ita
1411 1585 1520 1617 autor
1552 1585 1688 1627 noster,

502 1641 564 1686 qui
583 1641 644 1675 diu
665 1641 785 1676 fuerat
800 1641 1058 1687 peregrinatus
1073 1651 1094 1676 a
1109 1641 1195 1685 Deo,
1213 1641 1359 1676 volebat
1375 1641 1511 1677 reverti
1527 1641 1572 1677 ad
1587 1652 1686 1677 eum.

501 1702 602 1738 Unde
629 1702 769 1737 subdit:
798 1713 815 1736 e
843 1703 935 1736 colse
967 1703 991 1737 il
1026 1703 1110 1746 ι’ἰςο,
1139 1701 1286 1747 scilicet,
1319 1701 1616 1747 intellectualem,
1651 1704 1689 1737 al

500 1765 583 1808 sole,
614 1762 748 1798 scilicet
776 1763 907 1807 Deum,
927 1763 1014 1797 ollre
1033 1772 1055 1796 α
1074 1766 1195 1797 noslro
1224 1772 1299 1806 uso,
1319 1761 1421 1807 idest,
1449 1762 1547 1798 ultra
1575 1773 1684 1797 usum

500 1823 674 1858 humanae
701 1822 870 1867 scientiae,
894 1822 980 1868 quia
999 1823 1194 1867 hucusque
1213 1821 1330 1857 iverat
1350 1832 1414 1867 per
1438 1825 1577 1858 terram
1599 1833 1684 1858 cum

500 1883 659 1929 Virgilio.
680 1883 722 1917 Et
743 1883 936 1928 respondet
955 1882 1130 1918 continuo
1150 1882 1343 1927 quaestioni
1362 1882 1492 1928 tacitae,
1515 1882 1600 1928 quia
1620 1893 1686 1928 po-

500 1946 594 1980 terat
620 1947 746 1989 petere
773 1943 912 1978 lector:
941 1942 1128 1988 quomodo
1155 1942 1287 1977 oculus
1321 1942 1508 1977 humanus
1543 1945 1686 1988 poterat

499 2004 571 2050 pati
599 2004 696 2050 quod
723 2004 847 2049 aquila
874 2003 935 2039 diu
954 1999 989 2048 (²)
1019 2013 1091 2038 non
1119 2004 1265 2049 potest?
1293 2002 1509 2048 respondet:
1538 2004 1642 2037 molto
1668 2000 1688 2038 e*

497 2066 586 2100 licito
614 2059 662 2109 lsi,
693 2064 728 2099 in
758 2064 817 2099 illo
846 2064 925 2099 loco
953 2063 1057 2109 felici,
1078 2064 1146 2098 alle
1167 2066 1285 2098 nostre
1313 2060 1417 2106 virli),
1441 2062 1588 2107 scilicet,
1616 2062 1686 2097 hu-

499 2125 625 2170 manis,
659 2124 752 2159 sicut
790 2123 895 2168 visui,
931 2123 1073 2159 auditui
1109 2126 1145 2159 et
1178 2122 1273 2168 aliis,
1308 2122 1411 2168 quasi
1443 2122 1550 2167 dicat,
1587 2122 1683 2168 quod

498 2185 609 2219 homo
636 2184 832 2229 perfectius
860 2187 977 2229 potest
1006 2181 1131 2219 ridere
1152 2183 1209 2227 ibi,
1230 2183 1289 2217 che
1310 2184 1368 2226 qni
1390 2193 1461 2217 non
1484 2184 1563 2228 lece,
1585 2182 1684 2228 quod

563 2313 589 2344 (¹)
608 2314 638 2337 E.
655 2314 750 2337 Ordina
768 2322 846 2338 nunc.
1038 2315 1063 2344 (Ἰ)
1082 2314 1112 2338 Ε,
1131 2314 1183 2345 pati
1200 2314 1243 2338 diu
1261 2321 1312 2338 non
1330 2315 1432 2344 polest?
