1737 2836
498 202 634 228 CANTUS
661 202 843 228 SEPTIMUS.
1194 197 1262 227 467

86 285 175 310 num
205 275 315 320 ipsius
343 274 527 320 passionis,
555 274 617 310 sed
651 278 690 309 ut
727 275 865 310 malum
901 274 1041 310 Christo
1069 275 1264 320 inferrent3

86 337 121 370 et
148 334 195 369 ita
224 335 351 370 eadem
380 335 509 380 passio,
538 345 621 380 quae
647 334 713 369 suit
741 335 858 369 honus
886 334 964 369 [inis
992 335 1174 380 prophetis
1203 335 1265 381 qui

86 393 341 430 desiderabant
368 395 584 440 passionem,
605 395 672 429 suit
695 395 813 429 malus
833 394 912 429 [inis
926 395 1057 440 judaeis
1082 396 1144 440 qui
1171 396 1266 432 desi-

86 453 263 489 derabant
291 455 420 490 Christi
448 454 698 489 offensionem.
728 454 899 489 Similiter
931 455 957 488 si
994 465 1090 490 unus
1121 456 1266 491 furetur

88 517 127 548 ut
155 514 346 549 subveniat
375 514 493 558 matri,
518 513 595 548 finis
622 513 708 548 furti
738 514 856 548 malus
883 517 954 558 est,
983 515 1069 559 quia
1097 516 1266 560 quamvis

86 573 130 608 sit
157 573 295 608 bonum
325 573 521 608 subvenire
541 573 659 617 matri,
681 576 803 608 tamen
828 574 966 608 malum
987 578 1039 609 est
1059 575 1154 610 male
1177 575 1266 610 sub-

87 633 222 669 venire.
244 633 415 668 Similiter
434 633 462 667 si
481 633 610 678 aliquis
629 633 751 679 dirigit
769 633 937 679 sagittam
958 629 993 678 (²)
1017 634 1052 668 in
1079 634 1206 679 seram,
1227 639 1267 670 ut

86 696 210 739 pascat
236 703 437 738 pauperem
466 697 719 739 aig-rotantem,
740 696 775 728 et
798 693 966 729 interficit
996 694 1181 729 hominem
1211 695 1264 729 la-

87 756 224 788 tentem
249 753 282 788 in
303 753 414 799 sylva,
434 757 537 788 actus
556 757 608 789 est
630 753 838 789 meritorius
859 753 914 788 vel
935 753 1153 789 indifferens.
1175 755 1265 790 Dicit

87 822 176 859 ergo
204 813 239 847 in
268 813 392 848 litera:
426 809 509 857 pert)
540 815 633 848 d'un
669 817 739 848 allo
773 815 864 848 usct'r
899 824 975 848 cose
1006 815 1154 859 (averse,
1191 815 1265 850 imo

86 873 290 917 contrariae,
319 874 368 907 clt'
384 884 405 907 (ι
433 875 501 907 Dio
528 877 558 908 et
583 875 619 908 αι’
644 875 759 917 gindei
782 875 928 918 piaeque
950 884 1022 908 ιῑιηα
1049 878 1171 919 morte,
1193 875 1263 910 sci-

88 933 168 968 licet
187 933 327 978 Christi,
352 934 426 968 Deo
445 933 592 978 quidem
611 934 868 979 juste,juda÷is
892 944 978 969 vero
1006 934 1160 970 iniuste:
1185 935 1266 970 ideo

87 993 189 1028 dicit:
223 1004 289 1037 per
325 994 379 1036 lei,
407 993 540 1028 scilicet
575 997 733 1028 mortem
766 993 907 1038 Christi,
944 990 1053 1028 tremo
1089 996 1124 1028 la
1155 998 1266 1039 terra,

88 1054 173 1099 quia
201 1057 434 1089 terraemotus
462 1053 577 1088 sactus
605 1057 671 1098 est,
699 1057 733 1088 et
760 1053 882 1098 etiam,
910 1065 927 1087 e
954 1056 978 1089 il
1003 1056 1066 1089 ciel
1089 1056 1263 1100 s'aperse,

88 1114 185 1159 quod
213 1117 293 1149 erat
320 1114 487 1149 clausum
512 1113 675 1159 patribus
694 1114 861 1158 antiquis.
883 1114 924 1148 Et
942 1114 1125 1150 declarata
1149 1115 1267 1160 prima

87 1177 191 1219 parte
218 1173 329 1218 dubii,
357 1173 491 1209 scilicet
518 1174 703 1218 quomodo
736 1175 841 1220 culpa
875 1175 981 1220 primi
1014 1176 1172 1221 parentis
1200 1176 1266 1211 suit

83 1234 182 1279 juste
206 1233 383 1269 vindicata
403 1244 467 1279 per
488 1237 645 1269 mortem
668 1234 810 1280 Christi,
829 1235 988 1271 declarat
1007 1236 1160 1271 alteram
1182 1247 1266 1282 par-

88 1298 174 1338 tem,
203 1293 348 1338 scilicet,
376 1293 560 1338 quomodo
588 1294 663 1339 ipsa
693 1305 791 1329 mors
817 1295 948 1330 Christi
983 1291 1143 1340 suerit&
1167 1296 1267 1341 juste

88 1354 267 1389 vindicata
296 1364 359 1399 per
386 1354 525 1398 Titum,
556 1354 651 1389 unde
679 1354 782 1389 dicit:
811 1366 881 1389 non
901 1357 924 1390 a
946 1357 1006 1390 dee
1032 1358 1173 1390 ωἀιηαί
1194 1367 1264 1400 pa-

88 1425 149 1449 rer
167 1412 227 1459 ρι’ἲι
243 1416 348 1459 forte,
368 1413 468 1458 idest,
489 1414 633 1449 difficile
652 1414 697 1449 ad
716 1414 953 1459 eredendum,
974 1417 1114 1459 quando
1133 1417 1163 1450 st
1180 1417 1266 1459 dice,

90 1474 124 1509 in
151 1474 309 1520 capitulo
336 1473 566 1519 praecedenti,
594 1475 652 1508 clze
682 1475 795 1518 yiusla
830 1476 997 1518 vendelta,
1030 1475 1130 1520 idest,
1169 1486 1267 1510 mors

88 1534 229 1579 Christi,
263 1536 302 1578 fu
330 1535 451 1578 pescia
488 1535 661 1577 t‘enffl'ata,
698 1534 806 1579 idest,
840 1534 1031 1580 vindicata,
1069 1536 1116 1569 da
1153 1537 1267 1579 giusta

88 1597 194 1637 corle,
221 1593 366 1637 scilicet,
394 1603 556 1628 romana.

163 1655 224 1688 Ma
251 1655 284 1688 io
312 1655 443 1697 veyyio.
473 1654 540 1688 Ista
561 1657 614 1689 est
636 1654 796 1689 secunda
824 1665 907 1700 pars
926 1655 1120 1701 generalis,
1141 1655 1175 1690 in
1195 1666 1268 1701 qua

91 1712 223 1747 Dantes
250 1712 393 1747 discutit
420 1712 517 1747 aliud
544 1712 696 1748 dubium
735 1713 833 1758 quod
865 1714 1026 1749 nascitur
1063 1726 1108 1750 ex
1136 1715 1266 1760 primo.

90 1773 132 1807 Et
158 1772 277 1817 primo
305 1772 471 1817 proponit
498 1772 615 1817 ipsum
651 1773 805 1808 dubium
835 1774 869 1808 in
897 1775 1096 1819 communi,
1124 1775 1267 1810 dicens:

90 1842 149 1866 ma
174 1833 208 1866 io
236 1833 357 1875 veyyt'o
384 1842 427 1865 or
454 1833 489 1865 la
516 1836 574 1866 tua
594 1836 701 1867 mente
718 1834 885 1875 ristretta,
906 1833 1007 1878 idest,
1030 1834 1163 1869 iterum
1185 1835 1269 1869 stri-

90 1894 197 1936 ctam,
226 1901 311 1926 cum
340 1894 433 1926 esset
459 1891 588 1936 soluta,
616 1891 800 1927 declarato
829 1893 946 1938 primo
973 1893 1095 1937 dubio,
1121 1895 1157 1928 dt
1180 1905 1268 1938 pen—

89 1953 158 1986 sier
183 1953 219 1986 in
243 1953 382 1996 pensier
408 1952 531 1986 dentro
558 1953 607 1986 ad
623 1962 669 1986 un
687 1953 794 1996 nodo,
817 1952 916 1997 idest,
936 1952 1080 1988 difficile
1099 1953 1268 2001 dubium,

88 2012 145 2046 del
170 2012 263 2055 qual,
292 2011 426 2046 scilicet
454 2021 548 2046 novo
575 2011 698 2056 dubio,
719 2013 888 2056 s'aspelca
909 2014 1055 2057 solvere,
1082 2024 1145 2058 per
1169 2015 1269 2049 solu-

91 2070 225 2106 tionem
254 2080 387 2116 meam,
407 2081 471 2105 con
498 2082 593 2115 gran
612 2073 713 2115 elisio,
733 2072 818 2116 quia
840 2083 1015 2118 magnum
1036 2077 1089 2107 est
1111 2073 1265 2110 dubium

91 2129 185 2164 istud
212 2130 426 2165 secundum.
456 2131 498 2165 Et
525 2131 678 2176 explicat
707 2131 824 2176 ipsum
858 2132 893 2166 in
926 2132 1081 2178 speciali.
1118 2133 1268 2170 Dicebat

156 2261 181 2290 (¹)
199 2261 228 2284 E.
246 2262 363 2291 sagittam
383 2262 513 2290 infectam,
531 2265 567 2285 ut.
747 2263 772 2292 (¹)
790 2265 812 2291 4,
831 2263 878 2286 suit
891 2263 968 2294 juste.
