1737 2836
521 200 658 226 cffirus
684 200 827 226 sssxrtzs.
1196 192 1265 224 453

87 279 183 311 stum
212 275 370 322 signum,
398 273 457 310 alii
485 284 625 318 amore,
653 273 711 308 alii
739 273 821 309 odio
848 273 997 309 seducti.
1034 272 1123 308 Dicit
1157 282 1265 319 ergo:

92 337 195 371 omae·
216 337 302 380 μαθέ
327 336 502 379 9ἱιιάί(ἰιι·,
538 344 583 370 ex
619 333 820 369 rationibus
853 333 965 379 factis,
997 334 1033 369 di
1064 335 1267 378 que’coeale',

88 396 236 441 scilicet,
264 395 431 443 guelphis
457 398 494 430 et
520 394 734 440 ghibellinis,
754 395 804 428 clc’
820 396 852 428 io
874 397 1014 429 accusat·
1032 396 1068 429 di
1088 405 1212 439 sopra,
1232 394 1267 428 in

90 456 264 503 principio
291 454 533 502 digressionis,
562 465 578 488 e
599 455 651 488 εἶθ’
666 455 721 488 lor
740 455 839 498 fallz,
862 464 950 489 vere
969 454 1144 490 salluntur
1167 453 1266 499 fatui,

90 517 176 563 quia
204 517 248 552 de
275 519 424 552 eentum
452 514 626 550 militibus
654 524 726 549 non
752 514 936 549 iuvenitur
964 525 1070 560 unus,
1091 515 1153 560 qui
1180 515 1268 550 sciat

90 577 237 623 quando
265 576 322 612 vel
349 574 535 621 quomodo
562 574 631 610 sint
658 574 815 609 inventae
842 573 918 609 istae
940 575 1187 620 partialitates,
1211 575 1268 610 vel

91 637 177 683 quid
204 637 269 672 sibi
299 636 409 672 velint
436 636 502 671 ista
534 635 682 670 nomina
715 637 863 681 propter
890 644 973 680 quae
1001 634 1138 670 faciunt
1171 639 1269 670 tanta

92 697 211 742 mala,
239 697 320 733 ideo
348 697 441 732 bene
472 696 575 732 dicit:
612 696 671 730 che
702 705 764 730 son
800 696 927 738 camon
959 696 995 730 de·
1025 696 1098 730 tutti
1123 696 1136 730 i
1163 697 1271 729 vostri

91 759 184 793 mali.
221 757 249 792 O
286 761 375 802 quot
409 756 573 792 civitates
609 757 765 791 eversae!
800 758 889 800 quot
927 754 1037 790 millia
1078 755 1269 790 hominum

91 828 184 854 caesa
212 823 360 863 propter
387 817 495 852 inane
522 817 676 851 nomen!
705 815 774 850 Sed
801 815 876 850 Deo
898 815 1045 861 gratias,
1066 815 1127 860 qui
1145 815 1271 861 justis-

91 879 182 914 sime
209 877 371 913 extendit
400 887 551 912 manum
581 886 686 911 suam
706 885 817 921 super
839 875 990 919 ltaliam,
1011 875 1059 910 ita
1078 875 1175 920 quod
1192 875 1269 921 jam

92 938 341 975 obliviscimur
368 938 434 973 ista
463 936 622 972 nomina.
644 936 686 970 Et
714 935 919 971 manifestat
942 945 1109 971 errorem
1133 935 1272 970 utrius—

92 1010 165 1045 que
192 999 314 1045 partis,
343 999 483 1034 dicens:
513 999 534 1032 l'
551 1008 631 1042 uno,
663 996 764 1041 idest,
784 996 976 1042 guelphus,
1003 1006 1137 1040 oppone
1158 997 1171 1030 i
1187 997 1273 1039 myli

92 1061 202 1104 malli,
244 1059 345 1104 idest,
383 1058 536 1105 insignia
574 1057 669 1104 regis
705 1056 867 1092 Franciae
903 1060 938 1091 et
971 1056 1089 1091 Caroli
1127 1056 1272 1102 veteris,

94 1130 177 1165 quae
205 1123 289 1155 sunt
316 1119 387 1154 lilia
415 1118 543 1154 citrina
568 1128 652 1153 cum
684 1117 828 1152 rastello
860 1116 1027 1162 desuper,
1057 1118 1094 1151 al
1112 1117 1272 1161 meblz'co

94 1191 213 1225 seyno,
233 1180 367 1216 scilieet
385 1179 530 1224 aquilae,
550 1188 634 1223 quae
660 1181 714 1214 est
739 1178 884 1224 signum
904 1188 1103 1213 commune
1117 1178 1272 1223 Justum,

94 1252 111 1275 e
142 1242 284 1283 l’allro,
312 1239 457 1284 scilicet,
486 1238 717 1285 ghibellinus‚
746 1239 941 1282 appropria
968 1239 1077 1282 quello
1110 1248 1132 1272 (ι
1156 1241 1270 1282 parte,

95 1306 131 1337 ot
157 1301 207 1336 sie
235 1300 366 1335 iniuste
393 1299 476 1335 facit
504 1299 621 1344 ipsum
649 1299 694 1334 (le
713 1298 857 1344 publico
880 1298 1085 1344 privatum,
1107 1298 1203 1332 unde
1221 1297 1275 1332 di-

95 1362 159 1397 cit:
188 1357 215 1395 sl
233 1362 283 1395 cll*
299 1358 317 1395 e*
330 1362 422 1406 forle
441 1371 462 1394 (ι
485 1361 588 1394 aeder
607 1361 690 1403 qual
704 1357 763 1403 ρίὰ
782 1361 812 1393 si
834 1360 924 1404 falli,
947 1358 1051 1404 quasi
1073 1358 1179 1403 dicat,
1207 1358 1275 1393 dis-

96 1422 188 1457 ficile
215 1424 269 1457 est
296 1420 389 1456 seire
416 1419 497 1465 quis
518 1417 705 1464 justius&
736 1419 850 1454 induit
877 1430 994 1464 arma,
1018 1419 1103 1464 quia
1132 1422 1274 1463 neuter,

95 1482 209 1517 immo
239 1484 396 1525 uterque
423 1479 560 1525 pariter
579 1479 720 1514 insanit.
742 1479 784 1514 Et
807 1479 927 1514 subdit
944 1479 1082 1525 justam
1111 1479 1277 1524 increpa-

97 1542 230 1577 tionem
261 1544 387 1576 contra
417 1544 614 1584 utramque
642 1543 805 1585 partem,
833 1543 870 1575 et
896 1540 1014 1585 primo
1042 1542 1169 1574 contra
1197 1539 1278 1585 ghi-

97 1602 258 1646 hellinos,
278 1601 418 1636 dicens:
444 1602 584 1645 saccian
602 1601 626 1634 le?
647 1600 820 1644 ylu'bellitz,
841 1604 876 1635 et
901 1600 1041 1645 repetit,
1059 1601 1200 1644 fac-elanv
1222 1601 1278 1633 lor

97 1667 186 1706 arde,
201 1662 335 1697 scilicet
356 1664 453 1696 artes
477 1660 558 1696 belli
580 1661 637 1696 vel
658 1660 766 1706 pacis,
782 1664 868 1695 sollo
889 1662 982 1695 allro
1003 1670 1124 1704 seyne),
1139 1662 1174 1694 et
1193 1669 1278 1694 ecce

98 1734 268 1759 causam:
297 1720 357 1757 che*
386 1723 459 1756 mal
486 1731 588 1764 seque
624 1723 747 1765 quello,
781 1721 916 1756 scilieet
951 1720 1108 1767 signum,
1143 1730 1279 1764 senzpre

99 1785 151 1818 clei
177 1785 212 1817 la
237 1783 398 1826 giusta-ia
424 1793 441 1816 e
468 1783 515 1815 [αι’
541 1782 692 1826 ἀίρανίθ,
717 1782 820 1827 quasi
848 1781 962 1817 dieat:
993 1781 1088 1816 male
1110 1780 1278 1825 sequitur

99 1843 272 1889 aquilam,
301 1841 361 1886 qui
390 1841 554 1887 partizat,
582 1845 618 1876 et
644 1841 693 1876 ita
721 1852 741 1877 e
769 1844 920 1876 contra:
949 1852 966 1875 e
996 1851 1067 1875 non
1101 1840 1278 1875 l'abballa

99 1907 169 1938 esto
199 1904 304 1938 carlo
330 1903 479 1944 novello,
499 1901 645 1946 seilicet,
667 1901 818 1936 Carolus
848 1905 965 1945 vetuS,
989 1910 1099 1945 quem
1123 1900 1279 1945 appellat

101 1964 298 2007 novellum,
327 1962 412 2007 quia
439 1961 580 2008 primus
616 1961 713 1996 venit
754 1961 789 1996 in
825 1961 982 2005 ltaliam,
1020 1964 1056 1995 et
1087 1960 1280 2005 acquisivit

101 2034 258 2070 regnum
281 2023 428 2067 Siciliae3
449 2021 511 2066 qui
531 2021 648 2056 multu
657 2032 690 2055 m
711 2024 960 2066 persequutus
979 2023 1033 2055 est
1051 2019 1279 2066 ghibellinos,

100 2087 135 2119 ot
164 2083 308 2118 reduxit
333 2083 511 2130 guelphos
538 2082 572 2116 in
601 2080 835 2116 Florentiam.
866 2081 908 2115 Et
935 2080 1099 2116 similiter
1126 2080 1278 2115 Carolus

101 2143 261 2179 Claudus
287 2143 380 2178 filius
408 2146 443 2178 et
471 2153 534 2178 rex
565 2142 747 2177 Robertus
779 2152 891 2187 nepos
923 2141 1080 2176 multum
1110 2140 1280 2176 faverunt

164 2275 190 2303 (²)
209 2274 238 2297 E.
257 2274 382 2298 iniustius.
