1766 2856
515 215 582 247 184
872 217 1074 243 COMENTUM
1100 217 1317 242 PURGATORII

516 293 614 328 ibant
641 301 744 327 more
771 290 1017 336 nympharum
1055 299 1120 334 per
1151 288 1293 323 diversa
1325 288 1414 333 loca,
1443 288 1501 324 illa
1533 289 1579 324 ab
1610 299 1685 324 una

514 352 599 398 ripa,
627 352 692 386 iste
718 351 763 386 ab
790 350 870 394 alia,
900 352 935 384 et
972 349 1019 384 ita
1046 359 1111 394 per
1143 349 1280 395 sylvam
1316 349 1384 384 sub
1417 349 1548 384 umbra
1577 350 1686 396 juxta

511 421 626 456 aquas
653 414 719 446 etc.
737 412 888 444 -Νοη,
916 409 980 444 Hic
1006 414 1111 455 poeta
1140 409 1309 444 describit
1332 409 1497 445 mirabile
1518 410 1686 445 accidens

512 470 648 505 factum
677 469 735 515 ibi,
763 469 904 504 dicens:
934 471 1012 503 Non
1039 479 1127 503 eran
1162 473 1257 503 cento
1291 473 1347 503 tra
1374 470 1386 503 ι’
1411 471 1486 504 suoi
1506 471 1606 514 passi
1630 481 1648 505 e
1675 472 1687 505 ι’

514 531 603 573 miei,
631 529 734 575 quasi
761 529 873 564 dicat:
903 540 974 564 non
1003 530 1160 564 multum
1196 529 1521 564 ambulaveramus
1552 529 1600 565 ita
1631 533 1685 565 ta-

513 590 593 634 cite,
621 591 761 634 quando
780 591 809 624 le
826 591 914 634 ripe,
934 589 1026 624 illius
1046 589 1123 634 rivi7
1144 591 1347 632 iynalmente
1369 591 1444 624 dier
1471 591 1575 634 volta,
1598 590 1684 635 quia

514 649 754 684 detorxerunt
781 659 820 684 se
848 649 882 683 in
909 649 1113 694 oppositum
1140 648 1375 694 integraliter,
1393 659 1458 693 per
1481 650 1584 684 modo
1603 650 1684 684 61ιά

516 711 648 744 levante
674 710 721 743 mi
751 710 882 753 rendez',
913 709 1016 753 quasi
1043 709 1148 753 dicat,
1185 709 1245 743 ubi
1278 709 1395 754 primo
1423 709 1518 744 ibam
1556 719 1685 744 versus

513 769 750 813 occidentem,
779 780 875 803 nunc
903 779 1103 804 conversus
1122 779 1204 803 sum
1222 765 1255 812 Ο)
1282 768 1317 803 in
1345 769 1545 814 orientem3
1565 773 1600 804 et
1622 769 1684 803 ubi

516 828 658 863 ibamus
685 828 803 873 primo
829 828 874 862 ad
901 828 1123 863 contrariam
1158 838 1255 863 nunc
1294 828 1339 863 ad
1370 828 1579 863 secundam.
1611 829 1687 864 Hoc

514 892 637 923 autem
666 887 767 933 tingit
794 891 834 921 ut
861 887 1024 932 disponat
1052 888 1172 923 locum
1202 888 1336 923 militiae
1362 888 1483 923 statim
1503 892 1688 931 venturae3

516 957 599 982 nam
629 947 784 982 militans
812 947 962 982 ecclesia
990 947 1102 982 tendit
1129 958 1258 983 versus
1281 948 1472 993 orientem,
1493 948 1595 993 quasi
1619 958 1688 983 vo-

516 1007 623 1042 luerit
644 1007 776 1051 dicere,
797 1010 921 1042 vetera
949 1008 1195 1043 transiverunt
1223 1012 1257 1043 et
1285 1018 1379 1043 nova
1407 1008 1498 1043 facta
1526 1010 1620 1042 sunt.
1646 1008 1687 1042 Et

515 1067 634 1103 subdit
661 1067 847 1111 quomodo
874 1067 990 1102 sactus
1017 1071 1069 1103 est
1096 1067 1286 1113 dispositus
1313 1071 1349 1103 et
1375 1071 1535 1104 attentus
1561 1067 1606 1102 ad
1634 1068 1687 1102 vi-

515 1126 674 1162 dendum
704 1130 738 1161 et
753 1121 789 1169 (²)-
817 1127 1052 1171 spectandum
1080 1127 1268 1172 sequentia
1296 1127 1437 1163 dicens:
1460 1125 1503 1162 ne*
1524 1128 1631 1162 anche
1647 1130 1686 1172 su

516 1182 585 1221 cosi
611 1190 734 1220 izoslra
764 1187 820 1219 ria
846 1188 966 1229 molta,
990 1187 1092 1231 quasi
1112 1187 1217 1231 dicat,
1244 1197 1310 1222 nec
1333 1187 1452 1222 adhuc
1480 1187 1686 1222 feceramus

516 1246 650 1280 multos
666 1256 791 1290 passus
807 1249 885 1291 post
901 1246 1166 1281 revolutionem
1184 1247 1327 1291 factam,
1340 1248 1480 1290 qumodo
1495 1248 1529 1280 la
1541 1249 1684 1289 Donna,

514 1305 699 1349 Matllildis7
719 1309 802 1340 ιιιιία
825 1316 846 1339 α
869 1316 920 1340 me
937 1307 967 1340 si
985 1310 1089 1348 ίονεθ,
1108 1307 1273 1340 dicendo.-
1291 1308 1384 1350 frale
1404 1307 1471 1340 mio
1492 1307 1634 1349 guarda
1653 1310 1685 1340 el

514 1366 658 1407 ascolca,
674 1365 759 1408 quia
777 1365 913 1400 videbis
932 1368 967 1400 et
985 1365 1111 1400 audies
1128 1365 1467 1400 mirabiliora—Ec
1479 1376 1567 1399 ecco.
1583 1365 1687 1400 Nunc

514 1428 620 1470 poeta
654 1424 774 1469 incipit
805 1425 1012 1460 describere
1049 1425 1239 1460 ecclesiam
1278 1425 1341 1461 Dei
1379 1425 1603 1460 militantem.
1637 1425 1688 1460 Ad

514 1482 611 1527 quod
638 1486 781 1527 oportet
812 1483 930 1527 primo
966 1486 1103 1527 notare,
1138 1483 1235 1527 quod
1271 1483 1429 1529 theologi
1461 1483 1687 1529 distinguunt

513 1541 694 1586 duplicem
723 1542 925 1586 ecclesiam,
947 1553 1104 1587 quarum
1134 1543 1291 1587 primam
1318 1543 1500 1588 appellant
1528 1543 1685 1578 militan-

515 1604 601 1645 tem,
629 1611 711 1645 quae
740 1601 773 1635 in
802 1602 869 1636 lioc
897 1602 1020 1637 seculo
1050 1606 1147 1637 recte
1168 1602 1305 1645 militat,
1327 1606 1361 1637 et
1384 1602 1491 1637 estin
1513 1602 1686 1637 continuo

514 1660 715 1695 certamine
735 1664 860 1696 contra
880 1664 1052 1696 conantes
1071 1661 1288 1696 subvertere
1308 1672 1408 1705 eam3
1423 1662 1576 1696 alteram
1598 1672 1687 1697 vero

515 1722 645 1754 vocant
672 1719 958 1765 triumphantem
987 1730 1069 1765 quae
1097 1720 1131 1754 in
1159 1721 1251 1755 coelo
1284 1721 1427 1755 laetatur
1458 1720 1502 1756 de
1529 1720 1688 1756 victoriis

514 1779 598 1813 suis.
627 1779 730 1814 Modo
758 1783 862 1824 poeta
891 1783 1013 1815 noster
1039 1790 1257 1815 accessurus
1289 1780 1323 1814 in
1356 1780 1457 1815 brevi
1489 1780 1534 1815 ad
1561 1780 1688 1816 viden-

515 1838 598 1873 dam
627 1839 816 1874 ecclesiam
846 1840 1145 1885 triumphantem,
1167 1850 1263 1874 nunc
1291 1840 1423 1875 merito
1451 1840 1568 1886 primo
1596 1840 1688 1887 figu-

516 1901 571 1933 rat
598 1898 711 1943 ipsam
746 1899 978 1935 militantem:
1015 1903 1050 1934 et
1084 1900 1201 1944 primo
1237 1899 1357 1945 incipit
1390 1911 1411 1935 a
1447 1900 1688 1936 luminaribus

513 1957 801 2002 praecedentibus
830 1959 992 1994 militiam
1020 1963 1196 2004 sanctam,
1225 1963 1261 1994 et
1289 1959 1562 1995 ostendentibus
1590 1960 1685 1995 viam

515 2017 686 2051 omnibus
714 2017 959 2063 venientibus;
983 2021 1019 2053 ot
1046 2018 1140 2062 dicit,
1169 2018 1267 2063 quod
1293 2019 1435 2053 subitus
1463 2018 1631 2064 splendor
1651 2019 1690 2054 in

515 2075 665 2109 modum
695 2076 848 2122 fulguris
876 2078 1085 2123 perstrinxit
1111 2078 1226 2113 aciem
1259 2078 1453 2113 oculorum
1481 2078 1569 2114 eius.
1599 2078 1687 2114 Dicit

515 2144 622 2180 ergo:
652 2137 694 2169 Εί
718 2146 794 2169 ecco
822 2147 867 2170 un
895 2138 1017 2180 lustro,
1041 2137 1142 2182 idest,
1166 2138 1289 2173 lumen
1316 2148 1359 2173 ex
1389 2141 1527 2183 septem
1556 2138 1689 2174 cande-

580 2264 604 2292 υ]
623 2263 652 2286 Ε.
670 2270 727 2287 sum
744 2264 774 2287 ad
792 2265 927 2288 orientem.
1152 2266 1175 2295 ᾖ)
1194 2267 1223 2290 E.
1241 2269 1267 2291 et
1283 2268 1477 2298 expectandum.
