1737 2836
493 242 631 268 CANTUS
659 242 802 268 sExTUS.
1167 236 1234 267 429

58 316 264 361 consulum,
289 316 351 361 qui
377 315 422 351 de
449 315 525 361 ipso
552 315 753 362 gloriosum
783 315 1009 360 triumphum
1038 314 1236 350 duxerunt.

58 377 138 419 Quo
166 380 332 422 tempore
362 376 521 412 maxima
552 376 753 411 constantia
780 378 815 411 et
843 375 1082 421 temperantia
1112 386 1235 411 roma-

60 447 194 472 norum
215 436 395 482 apparuit,
412 436 497 481 quia
517 436 680 481 Pyrrhus
700 446 771 470 non
790 435 908 470 solum
931 446 1002 470 non
1021 436 1138 481 potuit
1156 436 1236 471 vin—

61 506 147 532 cere
173 496 379 531 Fabricium
406 507 512 541 auro,
537 496 598 531 sed
622 496 763 530 nullum
793 495 828 530 in
856 496 989 541 populo
1012 496 1128 541 potuit
1155 507 1238 532 cor-

58 568 233 604 rumpere
269 557 380 592 donis.
416 556 569 592 Duravit
608 556 701 591 istud
739 556 876 591 bellum
915 559 1076 600 quatuor
1111 557 1235 601 annis;

59 618 205 654 tandem
227 628 289 653 rex
310 617 532 652 clarissimus
552 616 735 651 maximus
755 616 828 651 dux
851 616 933 652 belli
954 616 1075 651 amisit
1094 617 1234 652 Italiam

58 681 94 714 et
121 678 291 722 Siciliam,
315 681 350 712 et
378 677 412 711 in
440 676 579 712 Graecia
604 676 823 712 Thessaliam
851 681 887 712 et
917 675 1177 720 Macedoniam,
1200 680 1236 712 et

58 739 176 774 vietus
191 749 211 773 a
226 737 484 773 lacedemoniis
499 737 585 771 dum
603 739 831 782 oppugnaret
846 736 1028 772 civitatem
1050 736 1233 782 Argorum

57 798 205 834 incaute
233 800 413 832 mactatus
441 800 495 832 est
521 807 610 831 saxo
638 807 750 831 manu
778 796 948 841 foeminae,
969 797 1179 842 exemplum
1199 793 1233 840 (³)

57 858 136 893 aliis
162 860 341 903 quantum
367 857 478 891 homo
497 857 606 902 possit
626 855 737 891 [idere
757 856 948 902 prosperis.
969 856 1072 890 Nunc
1091 855 1136 890 ad
1157 855 1236 891 lite—

0 914 1 918 ’
58 928 159 963 ram3
187 917 270 952 dicit
298 916 520 951 Iustinianus
557 916 682 951 Danti:
711 917 773 951 sat
803 917 881 960 quel
911 917 969 950 clee
999 917 1056 960 se',
1091 915 1235 959 scilicet,

58 977 146 1013 illud
174 977 318 1023 signum
348 976 491 1021 aqussae,
514 980 658 1020 perlato
685 977 782 1019 claylc'
808 977 926 1019 eyregn'
950 977 1104 1018 romani,
1136 974 1235 1020 idest,

60 1038 106 1073 ab
129 1037 328 1072 illustribus
355 1036 508 1071 ducibus
529 1046 782 1081 romanorum,
796 1037 954 1071 <incolum
974 1046 996 1070 (ι
1016 1038 1171 1078 Brenno,
1192 1035 1236 1070 de

61 1098 128 1133 isto
155 1097 356 1132 Policratus
389 1096 470 1131 facit
505 1107 655 1142 magnas
691 1096 828 1140 laudes,
856 1100 891 1131 et
926 1096 1010 1131 dicit
1045 1096 1142 1141 quod
1171 1095 1236 1130 fuit

0 1189 2 1195 .
59 1157 296 1201 britannicus,
312 1159 472 1192 {neonem
487 1168 508 1190 α
526 1159 646 1199 Paro,
661 1157 706 1192 do
725 1157 792 1192 isto
809 1156 990 1192 mirabiles
1006 1157 1131 1192 laudes
1151 1156 1233 1191 facit

59 1218 233 1262 Iustinus⁷
253 1217 336 1262 quia
359 1217 425 1252 suit
444 1217 682 1262 peritissimus
701 1217 866 1252 omnium
887 1217 921 1251 in
940 1216 1106 1252 ducendo
1127 1227 1233 1252 exer—

58 1278 184 1322 citum,
204 1278 238 1312 ln
259 1277 459 1312 ordinando
478 1277 606 1322 aciem‚
630 1277 664 1311 in
689 1277 855 1323 eligendo
883 1287 1067 1322 campum,
1092 1276 1125 1311 in
1145 1286 1233 1312 con-

57 1338 211 1374 ciliando
238 1337 379 1372 animos
407 1337 609 1372 hominum.
630 1337 672 1372 Et
691 1337 773 1382 quia
800 1348 872 1372 non
899 1340 1015 1383 potest
1043 1337 1233 1372 nominare

57 1408 185 1434 omnes
212 1398 268 1433 vel
297 1397 442 1442 multos,
462 1397 564 1432 dicit:
589 1399 748 1432 inconlro
768 1399 841 1441 (zylzss
858 1399 942 1432 altri
955 1398 1108 1442 principi
1126 1409 1142 1431 e
1161 1398 1233 1432 col—

57 1460 136 1502 leyi,
165 1458 266 1502 idest,
289 1457 401 1492 duces
428 1461 461 1492 et
490 1457 782 1501 communitates,
803 1457 895 1492 sicut
914 1461 1041 1492 contra
1060 1457 1233 1492 samnites

58 1518 123 1553 fuit
156 1521 340 1563 portatum
369 1528 389 1552 a
418 1517 552 1561 multis⁷
587 1520 622 1552 et
657 1517 839 1562 praecipue
869 1528 889 1552 a
924 1517 1068 1551 (luobus
1102 1516 1231 1562 Papirii

58 1577 280 1613 cursoribus.
310 1577 456 1612 Nullum
487 1577 582 1612 enim
612 1577 748 1612 belluni
775 1577 841 1611 suit
869 1577 960 1612 intra
988 1576 1126 1611 Italiam
1155 1576 1235 1611 diu-

59 1638 203 1673 turnius
222 1640 258 1672 et
277 1637 483 1681 crudelius3
504 1647 587 1671 nam
612 1636 757 1672 (Iuravit
785 1637 861 1672 sere
887 1636 1151 1682 quinquaginta
1170 1647 1235 1671 an-

59 1697 123 1742 nis,
152 1701 189 1733 et
215 1697 388 1732 samnites
416 1696 533 1732 sexies
549 1691 584 1740 (²)
614 1699 793 1742 ruperunt
816 1697 945 1741 foedus,
961 1699 996 1731 et
1020 1696 1160 1731 romani
1180 1695 1234 1730 vi-

58 1757 146 1804 ginti
174 1761 334 1802 quatuor
361 1756 565 1802 triumphos
591 1756 801 1792 habuerunt
828 1766 872 1792 ex
901 1756 1142 1792 eis—Onde.
1172 1755 1233 1790 Hic

59 1817 282 1852 Justinianus
318 1816 495 1862 praedictis
527 1817 756 1852 subannectit
789 1817 929 1862 aliquot
960 1817 1154 1862 praeclaras
1181 1816 1234 1851 fa-

59 1877 176 1912 milias
203 1887 286 1922 qua:
312 1877 381 1911 sub
409 1876 511 1922 signo
539 1877 671 1922 aquilae
689 1877 963 1922 acquisiverunt
986 1887 1158 1923 magnam
1183 1876 1231 1911 fa-

59 1948 170 1973 mam.
200 1938 241 1972 Et
270 1937 387 1983 primo
413 1936 458 1971 ad
485 1936 729 1983 cognitionem
749 1937 1020 1981 Torquatorum
1043 1940 1097 1971 est
1116 1936 1235 1971 scien—

57 1997 146 2033 dum
181 1997 290 2043 quod,
323 1997 415 2033 sicut
449 2000 565 2042 potest
601 1996 719 2042 colligi
753 2006 796 2031 ex
831 1996 931 2031 Livio
964 1996 1056 2030 libro
1090 1995 1144 2040 Vl,
1178 1995 1234 2030 Vll

58 2061 95 2094 et
120 2058 206 2102 vlu,
234 2058 366 2093 (lomus
393 2056 521 2092 Manlia
549 2056 616 2090 suit
650 2055 736 2090 olim
770 2055 896 2091 nobilis
929 2059 965 2090 et
999 2055 1167 2090 terribilis
1200 2055 1235 2090 in

59 2118 163 2153 urbe.
193 2118 234 2152 Et
262 2118 378 2163 primo
406 2118 548 2152 Marcus
577 2115 727 2151 Manlius
754 2115 809 2151 vir
831 2116 1104 2151 strenuissimus
1132 2116 1236 2161 Capi-

60 2178 187 2214 tolium
216 2178 382 2213 liberavit
409 2188 429 2213 a
457 2177 560 2223 gallis
589 2180 754 2222 tempore
781 2175 907 2221 noctis,
933 2176 978 2211 de
1011 2186 1084 2221 quo
1112 2179 1234 2222 postea

124 2306 149 2335 (¹)
172 2309 181 2329 ἰ
199 2313 212 2329 e
231 2306 258 2329 E.
277 2306 424 2336 exemplum
443 2306 559 2336 praehens
577 2305 640 2329 aliiS.
831 2305 857 2334 (²)
875 2305 904 2329 E.
922 2306 1022 2336 septies.
