1766 2856
490 217 505 248 1
513 216 557 247 68
850 220 1053 245 εοΜΕΝΤιῑΜ
1082 219 1302 244 PURGATORII

486 293 583 339 didit,
607 295 828 338 strimacera,
849 292 933 337 quia
960 292 1107 327 intravit
1126 292 1249 327 locum
1274 292 1523 327 tenebrarum.
1552 292 1595 326 Et
1614 292 1664 327 sic

487 357 570 390 nota
608 357 786 399 quantum
824 352 1049 398 comparatio
1089 356 1141 388 est
1178 351 1343 398 propria:
1386 362 1469 387 nam
1512 352 1663 387 Proser-

486 414 569 460 pina
596 413 818 459 pulcerrima
850 413 996 448 inventa
1030 416 1084 448 est
1110 413 1146 447 iu
1185 415 1289 458 prato
1320 411 1459 457 florido,
1490 412 1663 459 colligens

486 473 629 508 diversa
656 483 794 519 genera
826 472 972 518 florum,
994 473 1102 518 Juxta
1135 476 1298 507 montem
1334 471 1396 517 qui
1428 482 1474 507 ex
1505 472 1662 507 summi-

487 536 560 568 tate
592 532 723 568 emittit
759 532 881 579 ignem
917 532 1013 578 apud
1041 533 1161 567 lacum
1191 531 1476 577 lucidissimum3
1507 531 1557 567 ita
1587 531 1662 567 Ma-

487 593 603 628 thildis
631 593 711 628 talis
738 602 802 638 per
829 593 950 628 onmia
978 592 1124 628 iuventa
1156 596 1210 628 est
1236 592 1272 627 in
1304 595 1427 627 monte
1459 591 1662 638 purgatorii

486 653 690 699 propinqua
716 653 790 699 igni
817 656 853 688 et
880 653 958 688 rivo
984 653 1191 699 purissimo7
1211 652 1383 699 colligens
1406 653 1512 688 fiores
1531 655 1597 688 etc.
1617 652 1663 687 Ut

486 723 576 760 ergo
603 713 818 749 concludam
839 724 912 748 uno
936 713 1059 758 serbo,
1079 716 1186 758 poeta
1206 713 1283 747 ruit
1302 713 1441 748 dicere:
1466 716 1505 748 tu
1529 712 1662 748 videris

488 773 574 808 mihi
602 784 674 808 una
701 773 775 808 Dea
803 774 940 818 pulcra,
969 774 1132 818 honesta⁷
1157 773 1273 818 qualis
1301 777 1354 808 est
1377 773 1490 808 Diana
1509 773 1576 808 dea
1600 783 1662 808 ca-

486 834 624 878 stitatis,
662 844 744 878 quae
780 837 831 868 est
861 833 1029 878 quaedam
1064 833 1189 879 regina
1228 833 1428 868 mundi.—
1450 836 1560 868 Come.
1598 833 1662 868 Hic

485 897 591 939 poeta
619 893 773 928 ostendit
800 893 957 938 qualiter
984 893 1158 928 Matliildis
1186 903 1360 939 persuasa
1388 893 1554 929 oratione
1584 892 1663 928 eius

486 953 672 989 exaudivit
699 963 786 989 eum
814 963 879 999 per
906 953 1218 999 comparationem
1245 954 1412 999 pulcram
1444 957 1479 988 et
1511 954 1660 988 claram.

486 1014 586 1049 [nde
614 1014 716 1049 dicit:
752 1015 891 1057 I’olsesi,
920 1014 978 1049 illa
997 1014 1156 1059 domina,
1181 1024 1279 1048 verso
1299 1024 1364 1057 me,
1384 1014 1445 1048 ubi
1464 1013 1583 1060 primo
1603 1024 1662 1049 re-

488 1074 659 1121 spiciebat
687 1085 772 1109 suos
799 1074 918 1119 flores,
953 1085 992 1109 su
1020 1076 1031 1109 ι’
1053 1075 1181 1119 fiorellz'
1214 1075 1371 1117 cermiylc'
1396 1085 1414 1108 e
1443 1084 1483 1108 sec
1511 1075 1522 1107 e·
1550 1074 1661 1117 (stalli,

487 1135 550 1180 qui
586 1138 670 1170 sunt
706 1134 753 1169 ibi
784 1134 1013 1169 diversorum
1046 1135 1224 1179 colorum,
1257 1144 1327 1168 uon
1355 1135 1554 1177 altrimenti,
1589 1134 1663 1169 imo

488 1195 662 1239 similiter,
691 1196 749 1229 elce
776 1197 915 1239 veryine
941 1196 999 1230 elce
1017 1197 1066 1238 gali
1085 1196 1179 1229 ocelli
1200 1196 1307 1229 0111>in
1324 1195 1466 1238 accam,
1487 1194 1588 1239 idest,
1608 1194 1663 1229 in-

486 1255 594 1290 clinet
621 1254 666 1289 ad
694 1258 844 1299 terram,
868 1255 953 1300 quia
980 1259 1058 1290 erat
1087 1255 1213 1300 pulcra
1240 1258 1274 1290 et
1303 1254 1442 1300 pudica,
1463 1254 1545 1289 licet
1568 1257 1663 1290 esset

488 1315 712 1359 inamorata3
731 1326 753 1350 a
780 1315 897 1360 simili,
916 1325 1010 1350 come
1033 1316 1151 1350 donna
1174 1316 1231 1349 clee
1256 1315 1352 1359 balli,
1366 1314 1512 1360 juvenis
1536 1314 1661 1360 pulcra

486 1375 579 1410 sicut
606 1375 685 1420 ista,
711 1376 741 1410 si
770 1377 866 1419 rolye
892 1385 956 1409 con
984 1376 1013 1409 le
1035 1377 1154 1419 manle
1179 1378 1293 1409 sti-elle
1319 1385 1340 1408 a
1369 1378 1479 1417 terra,
1507 1377 1542 1409 et
1569 1373 1662 1409 intra

486 1446 524 1471 se
551 1439 635 1481 apte
661 1439 697 1471 et
716 1435 893 1480 habiliter,
913 1447 929 1469 e
942 1437 1044 1479 piede
1066 1437 1211 1470 imzsmze'
1228 1446 1251 1469 (ι
1271 1436 1369 1479 pieclc
1387 1445 1409 1469 α
1428 1445 1521 1479 pena
1546 1438 1663 1478 melle,-

487 1496 572 1542 quia
600 1496 658 1530 vix
680 1495 824 1531 videtur
844 1499 995 1541 tangere
1016 1498 1163 1530 terram.
1185 1495 1225 1529 Et
1245 1495 1326 1530 fecit
1345 1492 1379 1538 J)
1400 1494 1493 1530 sicut
1513 1493 1659 1529 domina

489 1556 724 1602 magnanima
751 1565 834 1600 quae
865 1555 1067 1590 delectatur
1099 1555 1227 1590 audire
1254 1559 1288 1590 et
1317 1555 1440 1590 videre
1472 1554 1568 1590 viros
1599 1564 1664 1590 va-

488 1616 601 1651 lentes
629 1619 664 1651 et
691 1615 870 1661 sapientes
899 1615 979 1650 licet
1012 1626 1084 1650 non
1120 1615 1187 1649 sint
1220 1615 1353 1660 pulcrig
1384 1614 1480 1650 unde
1507 1615 1610 1650 dicit:
1647 1626 1665 1650 e

484 1677 556 1721 fece
576 1677 586 1710 ι’
604 1677 728 1719 preyln'
747 1677 824 1710 miei
841 1686 934 1710 esser
949 1677 1107 1719 conmitti,
1129 1671 1157 1709 si
1175 1675 1417 1719 appressamlo
1439 1672 1488 1717 sd,
1508 1674 1608 1719 idest,
1628 1674 1664 1710 in

490 1739 644 1779 tantum,
671 1736 729 1769 che
747 1737 770 1770 ’ί
791 1737 886 1770 dolce
903 1746 1027 1779 suono,
1047 1735 1102 1769 sui
1122 1739 1261 1779 cantus,
1289 1736 1387 1769 venia
1410 1744 1431 1768 α
1452 1745 1503 1769 me
1528 1736 1666 1769 co'suoe'

489 1796 744 1839 inlendz'menli;
782 1796 849 1831 hoc
883 1799 947 1840 est,
977 1795 1073 1840 quod
1106 1799 1271 1841 poteram
1310 1794 1512 1840 intelligere
1543 1794 1661 1840 ipsum

489 1858 636 1901 propter
651 1855 1028 1900 propinquitatem.—-
1042 1858 1152 1890 Tosto.
1169 1855 1232 1889 Hic
1252 1858 1357 1901 poeta
1373 1854 1529 1890 ostendit
1548 1854 1664 1890 maio—

489 1925 568 1950 rem
596 1915 752 1961 gratiam
780 1915 880 1950 istius
908 1915 1065 1951 liberalis
1093 1915 1261 1960 dominae,
1283 1915 1368 1960 quia
1396 1925 1467 1950 nou
1494 1918 1663 1951 contenta

490 1975 629 2011 xenisse
657 1975 701 2011 de
730 1986 842 2021 prope
869 1976 1013 2023 dignata
1041 1980 1095 2011 est
1123 1976 1246 2011 levare
1274 1975 1398 2011 oculos
1426 1985 1510 2010 suos
1538 1976 1663 2021 plenos

487 2036 635 2081 amoris,
663 2040 698 2071 et
726 2040 813 2072 tunc
840 2037 916 2072 visa
943 2040 998 2072 est
1018 2036 1083 2071 sibi
1112 2036 1271 2082 pulcrior
1298 2035 1459 2080 Venere3
1488 2035 1585 2071 uude
1609 2035 1662 2071 di-

489 2095 555 2131 cit:
584 2099 619 2130 et
646 2096 704 2130 illa
732 2096 890 2141 (lomina,
919 2098 965 2131 mi
987 2099 1059 2141 fece
1078 2098 1183 2140 dono,
1204 2095 1304 2140 idest,
1324 2095 1491 2142 gratiam,
1511 2097 1548 2130 cli
1566 2097 1664 2131 levar

489 2158 538 2200 yli
550 2157 644 2191 occ-lei
656 2157 743 2200 suoi,
764 2156 896 2201 quibus
911 2157 990 2202 plus
1010 2157 1169 2202 placeret
1190 2156 1286 2201 mihi,
1307 2160 1392 2190 tosto
1415 2157 1472 2190 elie
1489 2157 1541 2201 fu,
1562 2155 1662 2200 idest,

552 2288 576 2315 ζ’)
594 2287 624 2310 Ε.
641 2287 673 2310 Ei
690 2286 751 2310 facit
768 2287 842 2309 sicut.
