1737 2836
381 222 517 247 chTcs
544 222 733 248 leEsIMUS
760 222 900 247 ancs.
1180 220 1218 250 11

56 294 137 329 licet
163 294 259 338 velit,
280 298 402 329 tamen
429 304 500 328 uon
527 293 706 328 desiderat
728 294 926 329 ascendere
951 298 1036 330 aute
1062 295 1220 330 debitam

57 353 356 397 satisfactionem3
384 355 419 388 et
446 362 530 387 ecce
558 362 727 387 causam:
755 355 825 396 elie,
854 353 954 398 idest,
982 353 1078 398 quia,
1107 356 1141 388 la
1169 356 1223 389 ‹li—

56 414 138 447 vina
163 414 323 456 wastina
347 422 437 456 pone
463 413 501 445 al
525 415 706 455 tormento,
736 412 846 457 ipsam
874 413 1035 448 animam
1069 424 1223 458 peccan-

56 471 109 517 tis,
137 482 202 506 con
229 473 278 506 tal
305 473 431 514 coylicz,
463 470 590 505 eadem
626 471 813 506 voluntate
848 472 973 517 libera,
1000 484 1094 507 come
1121 476 1159 518 su
1187 475 1224 507 al

48 541 199 576 peccar:
225 531 270 566 de
296 531 354 566 tali
383 531 569 566 voluntate
595 530 737 565 dicetur
755 530 845 565 infra
865 532 1022 577 capitulo
1042 534 1222 568 XXIII.—

52 593 97 625 Et
119 592 163 625 io.
191 591 254 625 Hic
287 590 420 625 Statius
456 589 648 625 coufirmat
686 589 783 635 quod
822 589 909 624 dixit
944 592 1112 637 exemplo
1152 593 1220 637 sui,

52 654 88 686 et
115 651 164 686 sic
192 650 395 685 manifestat
428 660 532 685 suam
566 649 828 685 liberationem.
857 650 947 685 Dicit
977 661 1086 696 ergo:
1119 654 1161 685 Ec
1188 654 1220 686 io

51 711 110 744 olle
134 720 197 744 son
223 711 371 753 yiaciulo
398 720 421 743 α
448 714 564 753 quesla
590 711 722 753 doylz'a,
746 709 845 751 idest,
870 720 938 756 ego
966 710 1026 755 qui
1054 710 1218 745 subiacui

52 770 135 806 huic
162 770 338 805 dolorosae
365 780 481 814 poenae
508 780 719 814 avarorum,
754 771 968 813 ce'nquecenlo
996 772 1081 804 anni
1106 781 1123 804 e
1145 767 1218 814 piel,

51 829 144 864 ultra
173 832 346 874 quartum
375 829 615 864 centesimum
642 839 780 863 annum
809 840 882 874 quo
906 832 1055 865 steterat
1073 840 1138 874 pro
1158 839 1219 864 ac-

49 888 140 924 cidia
167 889 202 923 in
229 891 361 933 quarto
389 888 538 932 circulo,
567 891 606 922 ut
637 888 778 923 dicetur
810 888 911 933 infra,
937 899 1006 933 [mr
1039 899 1095 923 mo
1120 891 1218 923 sentit

49 948 158 982 libera
188 942 324 981 υοῐοηίά
351 948 387 981 cli
413 949 551 990 miylt'or
569 949 694 990 scylla,
715 947 814 991 idest,
837 947 1051 982 ascendendi
1076 948 1121 982 ad
1142 958 1218 982 me-

49 1006 176 1042 liorem
200 1010 236 1041 et
258 1006 483 1051 superiorem
504 1006 671 1052 gradum.
691 1006 733 1041 Et
752 1006 933 1041 concludit
952 1007 1095 1051 Statius,
1120 1007 1216 1052 quod

48 1066 107 1102 ille
133 1069 272 1101 tremor
300 1065 431 1100 montis
458 1068 491 1100 et
519 1065 657 1100 clamor
684 1066 877 1111 spirituum
910 1066 1025 1101 sactus
1052 1070 1105 1101 est
1134 1077 1217 1111 pro-

48 1129 129 1172 pter
155 1136 253 1161 eum.
286 1125 376 1160 Dicit
410 1135 518 1171 ergo:
541 1122 630 1169 pem)
662 1127 790 1160 senlisli
824 1127 850 1160 il
878 1129 1034 1169 tremoco,
1066 1137 1083 1160 e
1114 1128 1138 1160 le·
1167 1128 1219 1170 pii

47 1187 172 1230 spiriti,
199 1185 343 1230 scilicet,
370 1195 581 1230 avarorum,
610 1185 671 1230 qui
704 1185 852 1220 fuerunt
887 1186 922 1220 in
955 1186 1025 1221 vita
1058 1186 1154 1231 impii
1182 1190 1219 1221 et

47 1245 136 1280 alios
163 1245 319 1290 spiritus,
344 1255 409 1289 per
441 1246 474 1279 Io
508 1249 619 1279 monle
651 1247 779 1280 render
810 1247 886 1280 locle
921 1256 943 1279 α
974 1247 1051 1289 quel
1075 1248 1217 1289 Siynor,

47 1304 225 1340 dicentes:
245 1304 366 1340 Gloria
386 1305 420 1339 in
440 1305 590 1339 excelsis
608 1305 694 1349 Deo,
714 1306 772 1339 che
790 1309 876 1340 tosto
894 1316 933 1340 su
951 1307 1098 1349 yl’innii,
1116 1306 1215 1351 idest,

48 1364 179 1410 dirigat
206 1364 250 1399 ad
278 1364 485 1410 superiores
506 1364 642 1410 gradus
660 1364 753 1399 sicut
772 1374 830 1399 me
850 1365 1005 1399 inviavit.
1026 1366 1067 1399 Et
1087 1366 1215 1400 ultimo

49 1426 155 1469 poeta
183 1423 281 1469 ponit
315 1423 486 1458 effectum
520 1423 759 1468 responsionis
791 1423 892 1458 factae
923 1434 944 1458 a
977 1424 1099 1467 Statio,
1128 1424 1213 1469 quia

50 1483 224 1517 remansit
251 1483 453 1527 quietatum
483 1482 701 1517 desiderium
730 1482 807 1517 eius
833 1483 992 1517 omniuo.
1019 1483 1107 1518 Dicit
1126 1494 1214 1529 crgo

47 1541 313 1577 continuative:
342 1538 410 1576 cosi
435 1543 484 1585 „qli
509 1543 611 1584 disse,
631 1542 764 1576 Statius
780 1542 946 1588 Virgilio3
966 1553 982 1576 e
1001 1553 1070 1577 non
1097 1545 1215 1587 sapt-ei

45 1601 102 1636 dir
129 1605 256 1645 quanto
284 1603 330 1636 mi
352 1604 424 1647 fece
447 1603 581 1646 prode,-
601 1601 703 1646 quasi
730 1601 843 1638 dicat:
865 1602 969 1636 nimis
988 1602 1137 1647 profecit
1156 1603 1211 1637 siti

46 1670 138 1696 meae
166 1662 333 1707 naturali,
361 1661 406 1697 de
433 1672 505 1706 qua
531 1661 667 1696 dictum
701 1665 754 1697 est
786 1661 821 1696 in
852 1662 1025 1707 principio
1056 1663 1212 1708 capituli.

46 1721 121 1756 Hoc
158 1725 284 1757 autem
323 1721 481 1757 declarat
520 1731 585 1767 per
625 1722 876 1767 metaphoram
918 1722 1213 1767 propriissimam,

45 1779 168 1815 dicens
194 1781 310 1817 clare:
337 1777 423 1825 pero
453 1782 511 1815 che
543 1783 572 1816 si
605 1783 695 1825 yocle
721 1785 816 1815 lanto
851 1783 907 1816 del
936 1782 1014 1816 bere
1044 1786 1173 1826 qusmlo
1199 1781 1217 1816 e*

44 1841 183 1882 grande
208 1841 242 1874 la
269 1844 345 1874 sele.
371 1840 411 1875 Et
435 1841 491 1875 hic
511 1844 593 1876 uota
614 1840 710 1886 quod
730 1840 826 1886 potio
848 1844 902 1875 est
923 1844 1027 1886 grata
1047 1851 1118 1875 uon
1138 1844 1211 1876 tam

45 1909 91 1934 ex
119 1899 292 1944 qualitate
325 1900 407 1944 vini,
441 1911 550 1945 quam
583 1910 626 1935 ex
659 1900 889 1945 dispositione
921 1900 1093 1944 bibentis3
1122 1900 1213 1934 sicut

45 1959 161 2005 gratia
188 1960 342 2005 exempli
370 1960 503 1995 Xerses
531 1960 801 2005 potentissimus
829 1970 892 1994 rex
920 1969 1123 2004 persarum,
1150 1959 1211 2004 qui

45 2028 130 2054 cum
151 2019 404 2054 innumerabili
425 2019 588 2054 exercitu
611 2018 928 2053 iuvasitGraeciam
944 2019 1031 2053 dum
1049 2014 1212 2062 vilitcrff)

45 2077 245 2113 debellatus
272 2079 425 2124 turpiter
453 2082 488 2114 et
516 2078 653 2124 trepide
681 2079 834 2125 fugeret,
862 2078 937 2113 visa
964 2078 999 2113 in
1031 2078 1088 2113 via
1115 2089 1211 2123 aqua

46 2137 200 2182 turbida,
225 2137 357 2182 foetida,
380 2138 500 2172 statim
520 2137 711 2173 declinavit
730 2137 775 2173 ad
796 2141 932 2173 terram
953 2141 988 2172 et
1009 2137 1116 2182 coepit
1134 2137 1214 2172 avi—

111 2266 135 2295 [¹)
154 2266 183 2289 E.
201 2266 315 2290 viriliter.
