1737 2836
343 246 480 272 CANTUS
507 247 722 272 TRIGESIMUS
749 246 942 271 SECUNDUS.
1157 239 1226 271 257

55 321 162 354 natus
190 321 230 353 ut
257 318 380 353 vivens
408 318 531 353 venias
557 318 602 353 ad
630 319 722 354 hanc
750 318 950 363 civitatem3
966 315 1054 363 pero
1079 320 1157 354 lieni
1183 330 1226 353 or

54 379 103 422 9ῐὲ
129 379 222 413 ocelli
240 379 277 412 al
297 389 417 421 carro,
440 378 524 423 quia
544 378 571 412 si
591 378 753 413 Christus
773 378 862 413 sudit
880 378 1095 425 sanguinem
1115 389 1223 414 suum

55 448 121 484 pro
147 448 202 483 eo,
231 441 266 473 et
294 448 522 473 successores
558 438 613 472 sui
648 437 710 472 diu
742 438 915 473 fuderunt
948 449 1069 484 suum,
1098 441 1133 474 in
1156 450 1225 483 pro

53 498 110 532 del
136 499 277 540 monde,
300 497 402 541 idest,
425 496 469 531 ad
497 497 700 542 profectum
721 501 757 532 et
776 497 1050 534 instructionem
1072 499 1226 534 munda—

55 567 200 601 norum,
225 558 283 591 elce
308 558 380 591 mal
406 558 490 599 rive,
514 567 531 591 e
556 559 730 591 rilormzto
757 559 794 591 sle?
820 553 867 600 Ιὰ,
887 558 1032 603 scilicet,
1052 559 1098 594 ad
1118 570 1227 594 mun-

53 616 153 662 dum,
188 619 228 662 sa
254 618 312 651 clze
337 620 371 652 [ιι
397 618 507 651 serice
534 619 611 661 quel
639 618 698 652 che
734 618 820 661 redi,
858 618 943 662 quia
971 622 1009 652 tu
1044 618 1163 654 bonus
1190 619 1226 654 in

53 686 165 722 opere
193 680 256 711 tuo
284 677 436 711 intendis
456 677 575 712 facere
593 677 681 712 alios
701 677 823 712 bonos.
845 678 887 712 Et
910 678 1084 713 continuo
1103 682 1225 713 osten-

52 735 101 771 dit
121 736 277 781 qualiter
299 736 500 771 obediverit
522 736 598 780 sibi,
618 737 739 772 dicens
758 737 1024 773 continuative:
1045 734 1115 772 cosi
1134 741 1224 773 Bea—

53 797 147 839 lrz'ce,
179 796 316 841 supple,
344 795 431 830 dixit
460 796 562 830 milii:
590 800 622 831 el
647 798 679 830 io
706 798 754 831 cle’
765 808 828 831 era
847 801 927 831 lucto
946 798 1061 832 (avoco
1085 800 1119 832 a’
1133 799 1228 842 plecti

53 855 105 889 (Ie'
128 857 204 889 suoi
238 857 528 898 commulamenli,
565 860 695 901 praesto
729 856 774 891 ad
810 867 958 892 omnem
996 857 1225 902 famulatum,

55 917 146 950 diecti
172 917 206 950 la
234 920 342 950 meme
369 927 386 950 e
411 917 459 959 „qu
485 917 591 958 ocem,
611 916 712 961 idest,
732 917 856 952 oculos
889 918 1075 962 mentales,
1099 919 1226 952 ov’ella

55 977 154 1019 volle,
182 976 326 1020 scilicet,
354 975 399 1010 ad
426 986 590 1010 currum.
607 978 758 1010 -Νοη,
788 977 891 1012 Nunc
918 981 1023 1022 poeta
1052 978 1171 1023 incipit
1188 975 1222 1022 ὢ

53 1035 260 1070 describere
275 1035 524 1070 tribulationes
543 1035 715 1079 ecclesiae,
732 1040 767 1070 et
786 1036 904 1081 primo
923 1037 1069 1081 quidem
1090 1037 1225 1073 descri-

54 1095 105 1130 bit
132 1094 333 1141 figuraliter
360 1095 513 1140 primam
542 1095 752 1141 generalem
780 1096 979 1131 maximam
1002 1097 1225 1142 persecutio-

54 1164 137 1190 nem
175 1164 287 1200 quam
322 1154 475 1190 ostendit
510 1165 575 1200 per
613 1155 904 1200 persecutionem
946 1157 1053 1191 unius
1093 1157 1225 1202 aquilae

53 1213 285 1249 fulminantis.
314 1213 389 1249 Sub
425 1215 492 1249 bac
525 1217 649 1249 autem
682 1215 742 1249 dat
773 1215 920 1261 intelligi
955 1216 1225 1261 persecutiones

53 1274 317 1320 imperatorum
347 1284 599 1318 romanorum,
623 1284 782 1319 quorum
803 1274 948 1321 signum
976 1280 1055 1311 erat
1081 1276 1221 1321 aquila:

53 1334 156 1369 multi
185 1334 279 1369 enirn
309 1338 387 1379 post
403 1329 439 1378 F>
467 1334 650 1369 Christum
685 1335 866 1379 persecuti
902 1339 987 1370 sunt
1020 1336 1223 1381 ecclesiam,

52 1393 144 1428 sicut
170 1394 277 1438 Nero,
305 1393 541 1438 Domitianus,
566 1394 708 1437 Decius,
732 1394 965 1430 Dioclitianus
992 1399 1028 1430 et
1054 1396 1133 1430 alii:
1161 1395 1225 1431 de—

53 1463 132 1488 cem
153 1453 249 1488 enim
270 1453 416 1489 suerunt
438 1453 708 1498 persecutiones
728 1464 870 1500 magna}
889 1455 934 1489 ad
953 1455 1224 1491 similitudinem

52 1513 178 1548 decem
207 1513 397 1559 plagarum
418 1513 573 1559 2Egypti,
596 1517 636 1547 ut
655 1513 703 1548 ait
722 1513 906 1558 Horosius,
927 1524 993 1549 nec
1013 1518 1135 1549 tamen
1159 1526 1226 1560 pu-

53 1573 203 1608 tandum
231 1577 285 1608 est
312 1573 502 1608 ecclesiam
532 1583 602 1608 non
631 1573 800 1608 habuisse
827 1575 883 1609 vel
912 1574 1118 1609 habituram
1148 1585 1228 1610 esse

53 1633 151 1677 alias,
180 1636 220 1667 ut
246 1633 295 1668 ait
322 1633 545 1679 Augustinus
564 1633 609 1668 de
631 1633 782 1669 Civitate
801 1634 875 1668 Dei.
896 1634 947 1669 Ad
968 1634 1108 1670 literam
1137 1644 1226 1680 ergo

53 1697 157 1738 poeta
177 1693 290 1739 tangit
309 1693 508 1728 terribilem
528 1693 743 1729 descensum
765 1694 874 1728 unius
890 1694 1021 1739 aquilae
1041 1705 1106 1740 per
1125 1704 1226 1729 com—

52 1753 277 1798 parationem
295 1753 577 1798 propriissimam
593 1753 911 1798 fulminis,dicens:
928 1757 1044 1788 cmoco
1057 1765 1126 1789 non
1137 1765 1227 1789 scese

54 1814 124 1846 mai
141 1813 177 1846 ἀι·
193 1823 311 1857 spessa
330 1813 415 1846 nube
434 1814 573 1855 quando
589 1814 702 1857 piove,
732 1813 765 1847 iu
795 1814 862 1848 hoc
882 1814 996 1860 tangit
1017 1815 1225 1860 generatio—

53 1882 138 1908 nem
168 1871 326 1905 fulminis
344 1871 389 1906 (le
408 1882 479 1916 qua
499 1872 586 1907 alias
605 1872 741 1907 ‹Hctum
766 1876 819 1907 est
846 1876 882 1907 et
908 1873 1061 1918 dicetur,
1083 1875 1130 1908 da
1150 1875 1227 1917 quel

54 1933 186 1976 confine
210 1932 267 1965 clee
283 1929 344 1975 piel
368 1929 386 1965 μ’
402 1935 547 1973 remoto,
564 1931 663 1973 idest,
680 1942 698 1965 a
723 1932 908 1966 remotiori
930 1936 1032 1977 parte
1053 1933 1176 1968 Mediae
1189 1927 1225 1976 ’ὦ

55 1991 223 2037 regionis,
244 1991 303 2025 ubi
333 1991 423 2025 fiunt
451 1991 539 2025 tales
567 1991 830 2035 impressiones,
850 2002 914 2025 ronv
939 1989 967 2025 si
995 1993 1103 2025 veloce
1123 1996 1226 2035 molo,

57 2051 158 2096 idest,
171 2055 243 2086 tam
261 2051 448 2096 repentino
465 2051 614 2096 impetu.
628 2050 779 2086 Fulmen
792 2061 881 2096 ergo
894 2051 1025 2097 figurat
1041 2052 1149 2087 altam
1166 2062 1227 2086 su-

115 2188 142 2217 (¹)
162 2190 213 2215 1¹7,
232 2189 340 2211 ostendit
359 2191 385 2211 et
403 2189 498 2218 incipit.

115 2226 142 2255 (²)
160 2227 188 2249 E.
208 2230 262 2256 post
281 2227 419 2250 Dominum
438 2230 554 2250 nostrum
573 2227 784 2256 pretiosissimum
804 2227 1004 2258 Redemptorem
1025 2228 1165 2252 Dominum
1183 2229 1223 2253 Je-

55 2271 112 2287 sum
129 2264 258 2287 Christum
277 2266 403 2294 porsecuti
422 2268 479 2289 sunt
497 2266 552 2288 cius
569 2265 713 2291 ecclesiam.
732 2266 804 2288 sicut.

115 2301 142 2332 (θ)
162 2305 213 2330 117,
233 2304 310 2326 {ndiae
328 2304 445 2333 regionis.

186 2357 222 2376 lv.
1068 2358 1092 2377 17
