1737 2836
379 206 514 232 CANTL‘S
541 207 731 233 VIGESIMUS
758 208 919 233 TERTIUS.
1173 206 1216 235 59

46 277 135 312 Dicit
161 287 267 324 ergo:
291 281 333 312 Ec
357 279 388 312 io
413 289 434 312 α
457 280 523 312 lui:
541 280 678 324 supple,
698 280 782 324 dixi,
805 291 825 315 ο
847 283 986 325 Forese,
1013 283 1218 326 ce'nqu'cmm'

45 348 113 372 non
140 348 202 372 son
234 339 313 372 rolli
339 339 444 382 iusino
463 348 484 371 a
508 341 565 381 qui
590 340 636 373 (Ια
663 342 740 383 quel
765 336 812 383 di,
832 340 975 386 scilicet,
1004 342 1141 387 mortis,
1162 345 1217 376 nel

46 399 130 442 qual
154 400 294 432 »nutasti
319 399 446 432 mondo
473 409 495 432 α
523 400 662 441 me'ylior
690 402 779 444 z·z'la‚·
798 401 900 445 quasi
923 401 1034 436 dicat:
1055 405 1092 436 tu
1116 413 1218 438 mor-

46 459 131 492 tuus
157 467 196 492 es
217 458 294 503 jam
315 457 416 502 quasi
436 457 598 502 quinque
617 459 719 493 annis
738 459 878 504 elapsis,
893 461 1027 496 scilicet
1046 461 1080 496 in
1101 462 1217 498 mille-

46 516 138 551 simo
153 516 402 552 ducentesimo
418 517 652 563 nonagesimo
668 521 771 552 sexto
786 530 795 562 3
811 519 878 553 hoc
893 521 1154 566 praesupposito
1166 517 1215 566 (¹),

44 586 140 611 come
173 578 219 611 se*
244 580 277 611 ιιι
309 580 430 610 venato
464 587 574 611 (tneor
611 578 648 611 cli
680 586 762 621 qua,
796 577 840 612 ad
876 588 1006 613 verum
1042 584 1217 626 purgato-

44 635 153 680 rium,
180 647 216 670 se
250 638 284 670 la
311 646 419 680 possa
446 637 502 671 del
522 646 649 681 peccat·
673 634 732 681 piet
756 639 795 682 su
819 638 931 681 finita,
964 638 998 672 in
1027 639 1211 684 voluptate

44 695 152 742 gulae,
180 695 239 730 cui
265 706 410 741 semper
438 696 578 732 servisti
606 706 723 741 usque
749 696 794 731 ad
822 700 990 741 mortem,
1011 699 1129 742 prima
1156 700 1215 733 elie

44 757 237 790 sorvem'sse
264 757 285 790 Γ
300 766 367 789 ora
393 757 450 790 del
474 756 561 790 buon
589 757 705 799 dolor,
721 756 866 800 scilicet7
888 756 1215 803 poenite11tiae70lz'a

45 816 113 850 Dio
140 826 181 849 ne
207 817 384 859 rimarila,
413 815 513 860 idest7
543 816 767 859 reconciliat3
795 819 831 851 et
858 820 911 851 est
937 817 1105 862 proprius
1134 828 1214 853 mo-

44 874 112 910 dus
140 875 320 919 loquendi.
349 875 477 910 Anima
512 875 606 910 enim
643 875 829 920 meretrix,
858 886 940 921 quae
968 881 1168 912 recesserat
1194 888 1215 913 a

45 934 120 970 Deo
151 934 389 969 adulterando
423 945 507 970 cum
542 935 663 970 multis
697 935 825 981 procis,
859 936 1134 982 reconiungitur
1168 937 1214 971 illi

44 993 200 1039 petendo
227 994 434 1039 suppliciter
461 994 619 1039 veniam,
647 994 749 1039 quasi
777 994 889 1030 dicat:
918 995 945 1029 si
977 1000 1123 1040 peccata
1152 999 1214 1031 tua

41 1053 142 1098 prius
169 1053 384 1089 dimiserunt
412 1057 445 1089 te
473 1064 584 1099 quam
619 1057 657 1088 tu
692 1054 761 1099 illa,
790 1054 975 1099 quomodo
1009 1066 1081 1090 non
1108 1066 1146 1090 es
1174 1059 1209 1090 tu

42 1123 128 1148 cum
163 1113 240 1148 aliis
277 1114 346 1148 tuis
378 1113 598 1158 concivibus,
625 1114 774 1159 Casella‚
809 1114 959 1159 Bilaqua
992 1118 1028 1150 et
1063 1115 1213 1150 talibus?

42 1172 143 1208 Unde
170 1172 276 1208 dicit:
312 1175 345 1208 io
372 1175 396 1207 li
422 1174 545 1208 creden
573 1177 695 1208 trocm-
723 1169 756 1208 ld
783 1171 841 1217 952>
868 1175 904 1208 cla·
928 1177 1029 1217 sollo,
1056 1175 1091 1209 in
1118 1175 1212 1210 anti—

41 1233 255 1278 purgatorio
283 1237 468 1268 errantem
496 1234 591 1268 circa
614 1237 788 1278 montem,
808 1244 871 1267 ove
889 1237 999 1278 lempo
1015 1245 1080 1278 per
1102 1239 1212 1279 tempo

41 1294 72 1327 si
96 1294 241 1337 ristorcz,
274 1293 360 1338 quia
387 1296 486 1328 tanto
514 1296 679 1338 tempore
707 1296 823 1328 statur
850 1297 966 1338 extra,
996 1298 1133 1339 quanto
1161 1295 1213 1329 di-

42 1352 113 1387 lata
141 1356 194 1387 est
220 1353 441 1398 paenitentia.
470 1353 513 1387 Et
541 1353 595 1387 hic
624 1357 708 1388 nota
735 1353 833 1398 quod
860 1356 966 1398 poeta
986 1357 1107 1389 noster
1130 1354 1213 1389 facit

41 1412 134 1447 hanc
162 1412 370 1457 petitionem
401 1416 437 1446 ut
468 1412 587 1447 veniat
614 1412 658 1447 ad
687 1423 802 1447 unum
837 1423 945 1447 suum
973 1413 1211 1458 propositum,

43 1475 82 1506 ut
109 1472 228 1506 statim
257 1472 400 1517 patebit.
429 1472 521 1514 Quia
540 1472 636 1507 enim
657 1482 751 1518 saepe
770 1472 906 1507 fecerat
926 1473 1147 1508 mentionem
1168 1473 1212 1508 de

42 1532 238 1567 florentinis
265 1532 338 1567 suis
366 1536 400 1567 et
430 1532 522 1567 vitiis
554 1542 698 1576 eorum,
732 1532 812 1567 ideo
844 1542 941 1567 nunc
973 1536 1115 1578 captata
1148 1543 1213 1578 op-

41 1592 263 1638 portunitate
290 1592 387 1627 acuit
415 1593 549 1638 stylum
578 1603 686 1627 suum
715 1596 841 1627 contra
869 1592 1041 1627 mulieres
1068 1603 1210 1628 eorum.

42 1654 148 1686 —Ec
172 1653 246 1695 eyli.
276 1651 339 1687 Hic
366 1655 471 1697 poeta
500 1652 598 1697 ponit
626 1652 897 1697 responsionem
926 1652 1061 1687 Foresii
1087 1653 1132 1688 ad
1159 1663 1209 1697 se,

41 1711 102 1756 qui
125 1711 284 1747 breviter
302 1711 397 1756 dicit,
416 1711 513 1756 quod
532 1711 741 1746 intercessio
761 1711 886 1746 uxoris
905 1721 981 1746 suae
1003 1712 1108 1747 citius
1128 1712 1210 1748 fecit

42 1780 128 1806 eum
155 1770 362 1806 ascendere.
390 1771 442 1805 Ad
471 1771 567 1816 quod
594 1771 780 1806 sciendum
804 1771 901 1816 quod
922 1771 1091 1807 Foresius
1117 1783 1212 1818 prae-

43 1830 136 1865 satus
163 1830 289 1864 habuit
316 1830 350 1864 in
375 1830 445 1865 vita
466 1841 575 1866 unam
597 1841 752 1866 uxorem
772 1842 891 1876 suam,
911 1832 968 1867 cui
992 1842 1125 1868 nomen
1144 1832 1212 1867 suit

42 1889 177 1934 Auella‚
208 1889 338 1925 mulier
364 1890 510 1934 quidem
532 1890 651 1926 sobria
676 1894 711 1926 et
736 1891 877 1936 pudica,
898 1902 981 1936 quae
1004 1896 1212 1937 temperan—

43 1952 98 1984 ter
124 1949 213 1984 vixit
234 1959 318 1984 cum
339 1949 405 1984 isto
424 1950 564 1995 guloso,
583 1950 640 1985 cui
661 1950 816 1986 habebat
835 1961 980 1997 semper
1003 1962 1210 1997 praeparare

42 2010 193 2046 delicata
220 2010 365 2054 cibaria,
386 2010 420 2044 in
440 2021 512 2055 quo
533 2010 647 2056 magis
666 2010 781 2046 virtus
800 2011 878 2046 eius
899 2012 1036 2047 enituit.
1058 2013 1100 2047 Et
1118 2012 1211 2048 sicut

43 2069 77 2104 in
105 2069 177 2105 vita
205 2080 408 2115 numquam
432 2070 597 2105 cessabat
616 2080 791 2106 revocare
809 2081 894 2107 eum
919 2071 964 2107 ab
983 2082 1111 2107 errore
1130 2083 1210 2117 suo,

42 2129 89 2164 ita
117 2132 194 2175 post
223 2133 379 2165 mortem
407 2140 611 2175 numquam
639 2130 792 2165 cessavit
817 2141 926 2167 orare
945 2141 1009 2177 pro
1031 2142 1097 2176 θος
1124 2142 1207 2167 cum

106 2258 131 2287 ζ’)
147 2257 172 2281 S.
190 2259 328 2288 supposito.
