1737 2836
1172 241 1239 274 381

67 476 232 510 CANTUS
257 477 467 517 QUARTUS,
482 479 516 509 ¹in
529 488 587 518 quo
599 479 731 510 solvitur
744 480 872 519 qucestlo
885 480 922 511 de
936 483 1011 518 voto,
1025 480 1079 511 ubi
1095 481 1237 521 tanyitur

248 535 329 574 quod
354 534 495 566 voluntas
518 534 634 574 <inpleat
658 538 711 572 est,
737 535 880 566 absoluta
903 538 932 566 et
955 537 1064 567 mixta.

141 689 284 770 [vnn
314 737 382 770 duo
408 736 471 770 cibi
497 737 639 771 distanti
663 746 681 770 e
707 738 861 771 moventi.
886 737 1084 782 Postquam
1115 737 1149 771 in
1177 747 1240 771 su-

66 796 199 842 periori
227 796 385 841 capitulo
413 796 579 841 proxime
606 796 822 842 praecedenti
849 797 982 832 Dantes
1009 796 1176 832 tractavit
1203 799 1240 832 et

64 856 321 892 determinavit
347 856 392 891 de
418 856 610 891 animabus
638 856 847 892 beatificatis
875 856 910 891 in
937 866 1092 902 corpore
1118 856 1238 901 lunae;

65 926 163 951 nunc
189 919 456 961 consequenter
483 916 517 950 in
545 916 612 951 isto
639 919 770 961 quarto
797 916 954 962 capitulo
973 916 1117 951 discutit
1136 926 1239 961 quae-

63 976 147 1012 dam
175 976 283 1011 dubia
311 976 465 1011 orientia
493 986 538 1011 ex
566 976 784 1021 quibusdam
817 976 919 1011 dictis
951 976 987 1011 in
1019 976 1114 1012 dicto
1140 976 1239 1022 capi-

63 1036 151 1071 tulo.
180 1036 222 1070 Et
249 1039 365 1071 totum
392 1045 552 1081 praesens
578 1036 778 1081 capitulum
807 1039 923 1081 potest
951 1036 1111 1072 breviter
1130 1036 1238 1071 dividi

63 1096 99 1131 in
126 1100 287 1141 quatuor
314 1099 435 1141 partes
462 1095 672 1142 generales3
693 1096 727 1130 in
747 1106 905 1141 quarum
926 1097 1043 1142 prima
1067 1096 1239 1132 describit

62 1166 168 1191 suam
195 1155 465 1202 dispositionem
494 1155 590 1191 circa
616 1156 690 1191 duo
721 1156 842 1201 dubia,
870 1159 906 1192 et
933 1156 1100 1202 proponit
1127 1156 1184 1192 illa
1202 1153 1236 1200 (¹)

62 1216 182 1252 dubia.
214 1217 252 1251 In
280 1215 438 1252 secunda
467 1216 571 1251 solvit
597 1217 755 1252 alterum
783 1217 993 1261 dubiorum,
1016 1217 1080 1252 ibi:
1100 1218 1238 1252 De’Se-

61 1278 165 1322 rafin.
198 1277 237 1311 In
270 1276 375 1312 tertia
415 1276 519 1311 solv’It
557 1276 760 1312 secundum
789 1277 955 1322 dubium,
987 1277 1051 1312 ibi:
1080 1279 1116 1311 L'
1130 1278 1234 1312 altra.

61 1338 100 1372 In
128 1340 259 1382 quarta
286 1336 431 1372 discutit
457 1336 565 1371 aliam
589 1336 827 1382 quaestionem
850 1337 1066 1372 incidentem
1085 1333 1120 1381 (Ἰ)
1140 1337 1236 1372 circa

60 1397 165 1442 dicta,
185 1400 220 1432 et
243 1396 357 1443 tangit
384 1406 517 1431 novam
546 1396 799 1441 quaesffionem,
828 1396 893 1431 ibi:
914 1399 975 1431 Ma
1002 1408 1054 1431 or.
1083 1397 1134 1431 Ad
1162 1397 1237 1442 pri—

60 1467 164 1492 mum
193 1456 342 1492 veniens
368 1456 460 1501 dico,
488 1455 585 1501 quod
613 1458 721 1491 autor
747 1455 916 1491 describit
949 1467 1053 1491 suam
1087 1456 1237 1502 disposi—

59 1517 195 1552 tionem
224 1516 461 1561 interceptam
495 1516 631 1562 pariter
661 1527 683 1551 a
713 1515 856 1551 duobus
892 1516 1018 1551 dubiis.
1048 1516 1099 1551 Ad
1131 1516 1236 1551 cuius

59 1576 333 1622 intelligentiam
361 1579 505 1622 oportet
531 1576 649 1621 primo
676 1576 909 1612 considerare
936 1576 1033 1621 quod
1055 1580 1163 1611 autor
1181 1576 1236 1611 in-

60 1636 172 1673 tendit
200 1636 392 1671 ostendere
421 1635 606 1681 quomodo
632 1636 706 1682 ipse
734 1636 879 1671 timidus
901 1640 1049 1682 propter
1068 1637 1236 1683 fulgura-

59 1698 195 1734 tionem
230 1698 402 1734 Beatricis
436 1697 629 1733 desistebat
662 1707 867 1743 proponere
897 1697 1115 1742 quaestiones
1148 1698 1235 1733 sub-

59 1758 221 1804 scriptas,
254 1758 418 1793 nesciens
453 1757 590 1802 eligere
624 1768 645 1792 a
677 1768 750 1803 qua
782 1757 971 1803 inciperet;
1000 1757 1080 1793 ideo
1108 1758 1233 1793 volens

59 1818 252 1853 ostendere
279 1817 420 1862 aequale
446 1817 666 1852 desiderium
699 1827 809 1852 suum
842 1817 1027 1862 praemittit
1054 1817 1232 1862 triplicem

59 1877 370 1922 comparationem
390 1872 612 1921 pulcram(³),
629 1887 787 1922 quarum
808 1877 925 1922 prima
942 1880 995 1911 est
1009 1876 1054 1911 de
1068 1876 1233 1921 appetitu

59 1937 224 1972 hominis.
254 1937 343 1972 Dicit
376 1946 484 1982 ergo:
514 1936 635 1971 Libero
665 1946 781 1979 nomo,
813 1936 949 1981 positus
979 1935 1024 1970 ad
1053 1945 1232 1980 mensam,

54 1999 137 2042 pria
151 1999 181 2032 εί
195 1993 330 2032 ηιοννῖα
345 1998 380 2031 ἀί
391 1997 498 2041 fame,
514 1996 541 2030 si
556 1999 650 2031 esset
665 1995 866 2039 famelicus,
884 1997 942 2029 che
955 1997 985 2029 si
1001 2005 1139 2029 recasse
1157 1996 1232 2029 l’un

57 2060 93 2093 ai
110 2059 213 2101 clenti,
233 2058 332 2102 idest,
352 2060 549 2102 antequam
574 2055 772 2101 applicaret
791 2065 906 2090 unum
930 2055 1051 2090 cibum
1075 2055 1129 2090 ori
1151 2066 1230 2100 suo,

56 2120 151 2153 incra
177 2119 245 2153 cluo
271 2119 347 2162 cibi,
377 2117 557 2163 appositos
585 2116 649 2151 sibi
681 2115 843 2151 eiusdem
872 2115 1051 2160 bonitatis,
1079 2117 1231 2160 distanti,

56 2178 158 2222 idest⁷
185 2178 375 2223 aequaliter
404 2180 576 2221 remotos,
610 2188 627 2211 e
658 2177 816 2220 moventi,
851 2175 996 2220 scilicet,
1027 2176 1228 2221 appetitum

119 2305 145 2335 (¹)
163 2308 184 2334 k,
203 2305 246 2329 illa
264 2305 315 2328 duo
333 2305 416 2328 dubia.
544 2302 570 2333 (²)
588 2303 612 2327 S.
630 2304 779 2328 incidenter.
907 2303 932 2333 (⁸)
951 2304 980 2327 E.
998 2303 1191 2333 pulcerrimam.
