1737 2836
377 249 512 275 chTcs
539 249 727 275 wel-:simus
754 249 894 275 sExTUs.
1148 245 1213 276 119

49 322 170 368 incipit
196 321 361 357 occidens
386 321 655 366 aliquantulum
674 321 817 357 albere:
839 325 874 358 et
893 322 961 357 lioc
980 322 1132 358 faciebat
1153 322 1218 367 sol,

51 386 178 417 mentre
204 383 262 416 che
287 378 315 416 si
342 392 378 416 ce
404 382 436 415 η’
451 382 628 415 αηιῐαυαηι
646 391 713 425 per
739 382 865 425 ἴοι-[0,
886 382 985 426 idest,
1006 383 1220 418 extremita-

50 445 124 478 tem
158 442 238 486 viee,
275 452 342 476 uno
378 442 522 476 innanzi
551 442 657 484 altro,
703 441 848 486 scilicet,
884 442 1053 488 Virgilius
1089 442 1218 488 primo,

51 502 178 538 deinde
205 501 349 546 Statius,
374 501 479 536 tertio
507 501 651 544 Dantes,
678 500 802 535 soliciti
831 501 927 536 circa
955 502 1070 547 viam3
1090 502 1219 538 *unde

51 562 153 597 dicit:
182 563 207 596 il
231 562 318 596 buon
348 563 509 602 maeslro,
529 559 674 604 scilicet,
694 559 874 605 Virgilius,
895 561 957 605 qui
984 562 1078 597 bene
1105 562 1217 597 duce-

52 622 114 656 bat
140 631 224 657 eum
252 630 317 666 per
344 625 416 656 tam
446 619 687 665 periculosam
719 619 814 654 viam
830 619 849 638 ²⁸
864 616 913 664 (¹),
941 621 1060 654 dicem
1086 632 1216 664 spesso,

54 682 241 717 reflectens
268 692 306 716 se
333 690 459 715 versus
488 690 566 724 me,
593 680 747 723 guarda,
774 679 919 724 scilicet,
947 680 1132 724 quomodo
1156 690 1218 716 ve-

53 740 139 785 nias,
160 744 195 775 et
221 750 310 775 cave
337 739 399 774 libi
424 739 470 774 ab
498 739 589 785 igne.
610 739 651 773 Et
669 738 771 774 dicit:
791 740 885 782 yzssovz'
904 740 954 773 clt'
969 741 1002 774 io
1024 740 1048 774 li
1067 741 1219 784 seclum,-

52 800 154 845 quasi
181 799 293 835 dicat:
314 799 433 834 valeat
460 798 519 833 tibi
548 798 644 843 quod
663 809 731 845 ego
757 798 823 834 feci
840 799 917 844 jam
937 802 973 835 te
990 802 1217 844 praecautum

52 862 87 895 et
113 859 314 895 scaltritum
343 858 438 893 circa
467 858 561 892 istud
589 858 666 893 iter.
694 858 736 892 Et
763 858 819 893 hic
847 861 941 903 nota,
969 859 1095 903 lector,
1121 858 1219 903 quod

52 918 221 965 Virgilius
248 918 451 954 necessario
481 918 608 962 repetit
642 913 749 961 bicff)
787 917 925 952 bonum
956 917 1219 953 documentum

52 988 174 1022 suum,
202 978 285 1022 quia
313 978 445 1012 Dantes
473 988 544 1011 nou
570 980 712 1022 poterat
740 977 900 1021 faciliter,
925 987 1045 1022 neque
1066 977 1136 1012 cito
1163 987 1222 1012 re-

55 1038 146 1073 trahi
173 1037 219 1072 ab
247 1037 313 1072 isto
341 1037 442 1083 igne,
476 1047 559 1071 nam
593 1036 769 1071 luxuriosi
803 1037 936 1072 liabent
970 1037 1222 1072 excusationes

53 1108 137 1133 suas
163 1107 306 1142 semper
334 1100 486 1142 paratas.
516 1096 647 1131 Dicunt
677 1096 773 1131 enim
807 1096 904 1141 quod
932 1096 997 1131 viri
1026 1096 1221 1140 fortissimi,

54 1157 302 1203 sapientissimi
330 1160 365 1192 et
392 1155 605 1191 sanctissimi
633 1155 727 1190 istud
755 1156 882 1190 viuum
915 1155 1029 1191 vitare
1057 1167 1128 1191 non
1156 1166 1221 1201 po—

56 1219 216 1261 tuerunt,
235 1216 321 1261 quia
343 1215 489 1251 luxuria
509 1215 616 1250 ludus
635 1219 687 1251 est
702 1215 916 1261 juventutis,
936 1218 1126 1260 peccatum
1150 1225 1221 1250 non

57 1276 200 1311 malitiae
231 1275 293 1311 sed
328 1279 491 1319 naturae,
525 1275 604 1309 ideo
635 1278 778 1309 aetatem
808 1274 1005 1309 refraenare
1038 1284 1109 1309 non
1138 1284 1221 1319 pos-

55 1339 155 1380 sunt;
183 1335 245 1371 sed
272 1335 413 1380 sapiens
433 1334 600 1381 Virgilius
619 1334 720 1369 dicit:
741 1334 928 1369 considera
951 1334 1136 1378 vilitatem,
1156 1334 1222 1369 ob-

56 1395 278 1439 scenitatem,
296 1394 523 1438 brevitatem,
539 1393 648 1428 finem
667 1393 767 1428 istius
789 1393 859 1428 vitii
876 1388 921 1437 (³).
938 1393 1099 1428 Luxuria
1123 1393 1218 1428 enim

55 1455 135 1501 plus
154 1454 293 1489 caeteris
314 1454 404 1488 vitiis
424 1454 533 1488 foedat
551 1464 694 1498 corpus,
716 1453 863 1488 infamat
883 1456 919 1488 et
937 1453 1077 1488 breviat
1098 1453 1220 1497 vitam,

56 1518 91 1550 et
117 1514 145 1549 si
172 1514 216 1549 ad
235 1517 461 1549 senectutem
490 1513 710 1556 luxuriosus,
732 1512 829 1557 quod
852 1522 1046 1557 perrarum
1074 1515 1137 1556 est,
1159 1522 1222 1546 ve-

56 1574 140 1618 niat,
162 1573 256 1608 male
280 1582 476 1618 expensam
498 1572 599 1607 tarde
618 1571 856 1616 conqueritur
870 1572 1117 1616 Juventuteni,
1137 1581 1220 1606 cum

55 1633 210 1678 amplius
238 1632 372 1667 resumi
402 1642 471 1667 non
501 1635 626 1677 potest.
642 1651 690 1655 —
706 1634 749 1666 Εί
772 1633 816 1665 z'o.
836 1631 899 1666 Hic
923 1634 1027 1676 poeta
1054 1631 1223 1666 describit

58 1693 209 1738 primam
238 1692 353 1727 aciem
381 1691 645 1727 luxuriantium
674 1694 800 1726 contra
828 1693 1019 1735 naturam3
1043 1693 1078 1726 et
1105 1690 1223 1736 primo

57 1752 209 1787 ostendit
235 1751 418 1797 quomodo
446 1751 491 1785 illi
520 1750 774 1796 perpenderint
800 1750 845 1785 de
877 1760 932 1794 eo,
960 1750 1056 1794 quod
1075 1744 1110 1794 (¹¹)
1144 1753 1223 1785 erat

58 1822 142 1846 cum
170 1821 323 1856 corpore
349 1811 493 1854 vivens,
523 1810 617 1846 unde
643 1810 742 1845 dicit:
771 1815 800 1845 ec
826 1812 859 1844 io
890 1812 991 1855 facea
1019 1811 1052 1844 la
1076 1811 1222 1854 simnma

53 1882 166 1915 parer
190 1868 251 1914 piz'c
286 1872 430 1913 dolente,
461 1870 560 1913 idest,
595 1870 709 1915 magis
742 1869 892 1913 tristem,
925 1869 1009 1914 quia
1046 1869 1222 1903 faciebam

59 1931 172 1976 ipsam
214 1930 327 1975 magis
365 1929 571 1973 obscuram,
603 1939 668 1962 con
699 1929 872 1971 l’ombra,
899 1928 1032 1963 scilicet
1063 1928 1224 1972 corporis

60 1991 141 2035 mei,
172 1990 217 2025 de
243 2000 316 2034 quo
343 1991 533 2034 coeperunt
565 1988 736 2023 admirari
764 1988 906 2023 animae.
939 1988 1039 2022 Unde
1069 1987 1174 2022 dicit:
1208 1998 1225 2021 e

62 2051 173 2085 vid’z'o
201 2051 299 2084 molle
325 2049 456 2090 ombrc,
482 2048 581 2090 idest,
609 2047 748 2082 animas
778 2050 1021 2091 mortuorum,
1040 2047 1224 2090 amlamlo,

59 2120 124 2155 per
151 2109 284 2155 ignem,
308 2119 378 2152 por
405 2111 512 2141 menle
535 2117 604 2151 pm·
632 2117 654 2140 α
681 2110 775 2141 amco
802 2108 943 2150 indisso,
980 2105 1080 2149 idest,
1107 2106 1223 2140 solum

123 2224 148 2252 (¹)
167 2224 199 2246 Le
217 2224 304 2253 parole
322 2223 360 2246 fra
378 2224 384 2246 i
402 2224 450 2245 duc
468 2222 598 2246 asteris-chi
616 2229 661 2245 son
679 2221 788 2251 supputo
805 2221 845 2244 dal
863 2221 954 2244 Codice
976 2222 1028 2244 117.

124 2261 147 2289 (ἰ
169 2261 195 2284 li.
213 2261 261 2284 hoc
280 2261 382 2284 bonum.
579 2259 603 2289 (³)
622 2260 650 2283 E.
669 2260 735 2283 vitii:
754 2259 831 2283 soedat
849 2266 950 2289 corpus.

124 2298 150 2326 (⁴)
169 2301 211 2322 117
229 2305 242 2322 e
260 2299 289 2322 E.
307 2299 364 2329 quia
382 2301 445 2322 crat.
