1737 2836
376 273 513 299 CANTL‘S
542 273 730 299 vlcsssmcs
755 273 897 298 SEths.
1143 266 1210 298 129

43 347 70 381 ε’
84 347 188 380 imese
214 346 373 379 cluamm-
399 347 535 389 reyina,
564 346 648 390 quia
678 356 781 380 more
812 344 974 380 mulieris
1005 355 1132 390 passus
1159 349 1211 380 est

44 409 223 451 stuprum,
251 409 374 439 conlra
400 416 448 448 se,
477 405 621 449 scilicet,
648 416 667 439 a
698 405 869 440 militibus
889 405 974 440 suis.
994 405 1037 439 Et
1055 404 1211 450 assignat

44 475 192 501 causam
222 475 337 509 quare
366 464 418 499 isti
441 464 652 499 recedentes
671 464 720 499 sic
742 465 949 500 clamabant
970 465 1109 500 dicens:
1127 460 1213 508 perd

44 526 75 559 si
83 528 214 569 parton
235 525 411 567 yriclamlo
430 525 583 558 Sodoma
597 525 893 567 rimproveranclo
912 534 934 558 α
955 535 1004 567 se,
1023 524 1123 567 idest,
1144 523 1214 557 im—

46 587 282 630 properantes
314 583 378 618 sibi
412 583 504 628 ipsis,
532 584 686 618 com'lzai
712 585 817 626 udilo,
845 587 876 617 ec
901 584 1019 618 αῑαίαη,
1048 585 1068 618 l'
1083 593 1214 618 arsura

46 644 320 687 rer909nand05
346 643 449 687 quasi
476 643 580 688 dicat,
601 642 698 688 quod
721 642 831 677 ardor
849 642 1079 677 verecundia}
1102 647 1213 687 auget

44 703 95 738 eis
122 702 291 738 ardorem
321 702 422 747 ignis,
451 702 548 737 unde
575 701 826 737 erubescentia
858 704 912 736 est
943 701 994 736 eis
1027 711 1158 747 magna
1177 697 1212 744 εἶ)

44 772 127 807 pars
155 771 282 807 poenae.
299 764 499 796 —Noslra
528 762 589 797 Hic
608 761 723 796 Guido
746 760 950 796 manifestat
977 763 1113 796 sectam
1141 759 1214 805 pri-

44 831 142 856 mam
171 821 205 855 in
233 832 306 866 qua
334 821 408 866 ipse
435 824 524 865 erat,
544 825 579 856 et
601 821 744 856 videtur
766 820 887 856 dicere
914 820 1010 865 quod
1038 830 1213 866 peccave-

45 884 130 915 runt
162 885 288 916 contra
324 884 492 916 naturam
524 881 666 927 agendo
698 884 734 916 et
765 880 942 926 patiendo.
978 880 1052 915 Hoc
1087 882 1211 915 autem

44 940 127 975 (licit
155 941 222 975 sul)
250 941 400 975 honesto
428 940 607 976 velamine
626 941 838 984 verborum,
858 939 949 974 sicut
964 939 1041 985 jam
1070 939 1151 974 fecit
1169 938 1213 974 de

44 1000 240 1046 praedictis:
269 1003 305 1035 et
332 1000 590 1035 sententialiter
610 1000 753 1035 videtur
776 999 898 1035 dicere
920 999 1017 1044 quod
1036 1008 1214 1044 peccave—

44 1062 129 1094 runt
156 1059 304 1105 gravius
331 1070 442 1104 quam
470 1059 517 1093 illi
545 1059 589 1094 de
622 1059 691 1094 alia
725 1062 833 1103 secta,
862 1058 947 1104 quia
979 1058 1026 1092 illi
1053 1057 1214 1093 offende—

44 1123 130 1155 runt
156 1122 325 1153 naturam
361 1128 435 1153 uno
468 1118 588 1163 modo,
616 1119 673 1153 vel
707 1118 848 1165 agendo
882 1121 1037 1163 tantum,
1065 1118 1121 1153 vel
1150 1128 1214 1162 pa-

44 1178 163 1213 tiendo
184 1182 340 1223 tantum,
356 1178 410 1213 isti
427 1188 514 1213 vero
534 1181 692 1223 utroque
711 1178 829 1213 modo.
850 1177 940 1212 Dicit
959 1188 1064 1223 ergo:
1086 1179 1214 1212 Noslro

40 1241 180 1283 peccalo
195 1240 236 1283 fu
254 1240 492 1283 ermafivclilo.
513 1238 565 1273 Ad
580 1238 676 1283 quod
696 1241 779 1272 nota
799 1237 896 1282 quod
915 1237 1210 1282 hermaphrodita

45 1300 197 1333 vocatur
223 1308 244 1333 a
271 1298 385 1343 poetis
412 1297 469 1333 ille
497 1298 557 1342 qui
586 1297 694 1332 hahet
722 1301 923 1342 utrumque
946 1307 1088 1341 sexum,
1117 1296 1211 1332 scili-

44 1360 111 1402 cet,
135 1357 376 1393 masculinum
406 1360 441 1392 et
468 1356 713 1401 foemininum,
743 1356 804 1391 sed
831 1356 859 1391 si
888 1356 1003 1402 magis
1030 1355 1212 1391 incalescit

44 1416 79 1451 in
105 1417 306 1452 masculino
325 1420 494 1451 censetur
515 1416 716 1460 masculus,
735 1415 763 1450 si
783 1415 817 1450 in
836 1415 1023 1450 foeminino
1042 1415 1211 1457 soemina3

45 1477 141 1512 unde
167 1477 195 1511 si
223 1476 302 1522 quis
330 1479 455 1511 utatur
483 1479 640 1521 utroque
662 1476 815 1521 jubetur
843 1475 997 1510 cremari
1016 1471 1051 1518 (²)
1073 1485 1138 1520 per
1161 1475 1214 1510 le-

43 1546 116 1583 ges
137 1537 241 1572 Modo
261 1536 555 1581 liermaplirodita
574 1535 776 1581 appellatur
795 1535 851 1569 hic
871 1535 1135 1580 transumptive
1155 1535 1214 1570 ille

44 1596 105 1641 qui
132 1596 206 1642 agit
232 1599 265 1631 et
298 1595 432 1640 patitur
466 1595 631 1639 indebite,
660 1598 695 1629 et
730 1595 839 1629 talem
872 1597 978 1629 vocat
1005 1594 1212 1638 bestialem,

46 1656 140 1691 unde
166 1655 265 1691 dicit:
294 1666 352 1690 ma
376 1653 502 1700 perche*
527 1666 594 1689 non
622 1664 818 1689 serranum
843 1664 973 1689 amana
999 1655 1106 1698 lewe,
1129 1664 1213 1699 quae

44 1715 121 1750 vult
148 1715 244 1760 quod
272 1714 422 1750 masculi
449 1718 559 1760 agant
585 1717 619 1749 et
641 1714 800 1760 gignant,
824 1717 859 1749 et
882 1713 1053 1749 mulieres
1073 1713 1213 1759 patian-

44 1778 114 1820 tur,
142 1774 354 1819 concipiant,
383 1777 417 1809 et
445 1774 595 1819 pariant,
621 1775 795 1817 sequendo
821 1783 915 1808 come
938 1774 1042 1808 bestia
1070 1775 1213 1818 l’appe-

45 1835 115 1878 tito,
143 1833 219 1868 sine
245 1833 384 1868 ratione
411 1834 582 1877 humana,
609 1844 673 1877 per
700 1834 759 1867 noi
783 1834 813 1867 si
839 1834 935 1876 leyye
964 1834 1000 1867 in
1026 1833 1212 1867 obbrobrio

45 1895 81 1928 dt?
98 1895 156 1930 noi
173 1894 313 1937 quando
335 1894 534 1937 partiamcz',
563 1893 708 1937 scilicet,
735 1893 780 1927 ab
806 1892 883 1927 aliis
909 1892 1059 1927 alterius
1093 1896 1211 1936 sectze,

46 1954 70 1988 il
95 1964 194 1988 nome
219 1954 256 1987 (Ιὶ
280 1954 375 1996 colei,
396 1952 539 1996 scilicet,
567 1952 769 1997 Pasiphaes,
792 1954 831 1985 ut
862 1951 976 1996 patuit
1003 1961 1126 1996 supra,
1153 1952 1212 1985 che

44 2008 248 2056 s’z'mbesle'ae),
277 2012 409 2047 faciens
436 2023 474 2046 se
507 2022 668 2055 vaccam,
690 2011 807 2045 *nelle
839 2011 1024 2044 imbestz'ate
1048 2012 1213 2055 ἤπαφες

46 2083 128 2119 quae
154 2076 238 2107 sunt
265 2073 377 2107 stellae
404 2072 598 2118 lignorum,
627 2071 711 2115 quia
740 2070 886 2105 intravit
908 2068 1090 2105 vaccam*
1108 2066 1142 2114 (3)
1171 2070 1214 2104 li—

46 2143 189 2179 gneam.
214 2132 255 2166 Et
273 2127 408 2166 Plinius
426 2131 509 2166 <licit
528 2130 624 2175 quod
643 2130 853 2165 Semiramis
872 2129 1054 2165 adamavit
1073 2138 1212 2175 equum

48 2202 167 2236 usque
184 2191 229 2226 ad
251 2191 412 2226 coitum:
445 2195 481 2226 et
509 2190 600 2224 forte
627 2190 694 2224 sub
722 2190 867 2225 nomine
894 2189 1086 2234 Pasiphaes
1107 2193 1212 2234 pocta

109 2284 135 2313 (¹)
153 2284 182 2307 E.
201 2284 318 2307 maxima.
587 2281 613 2311 (²)
632 2283 660 2306 E.
679 2283 804 2306 comburi.

110 2322 135 2351 (⁸)
151 2323 186 2346 Le
204 2322 291 2352 parole
309 2322 347 2345 fra
365 2323 371 2345 ἰ
389 2322 438 2345 due
456 2322 585 2345 asterischi
603 2328 648 2344 son
665 2321 775 2351 supplile
793 2321 833 2344 dai
851 2320 934 2344 Codici
953 2320 1058 2343 Estense
1075 2326 1089 2342 e
1108 2321 1160 2342 117.

181 2375 217 2396 1v.
1068 2373 1080 2391 9
