1766 2856
509 225 524 256 1
534 226 549 256 1
557 226 577 256 6
866 231 1068 256 coMENTcM
1093 231 1311 257 PURGATORII

507 304 737 339 venationem
766 303 811 338 ad
838 303 1129 348 persecutionem
1162 303 1337 348 serarum,
1364 303 1464 349 idest,
1497 303 1542 339 ad
1574 313 1674 339 mor-

507 363 738 399 tificationem
758 363 1147 409 concupiscentiarum,
1171 373 1254 408 quae
1273 363 1433 398 lacerant
1453 363 1615 398 animam
1637 366 1673 398 et

505 432 654 458 carnem
689 422 872 458 crudelius
905 423 1004 458 omni
1038 423 1124 459 sera.
1162 423 1231 458 Sed
1264 423 1385 458 infelix
1419 422 1569 458 soemina
1601 432 1673 458 non

505 485 621 527 potest
648 485 773 528 tegere
800 483 924 518 sallum
952 493 1081 528 suum3
1102 482 1182 518 ideo
1204 483 1297 518 bene
1319 482 1499 518 exclamat
1524 482 1671 517 Ovidius

504 542 575 576 ibi:
610 544 684 577 Heu
712 553 815 587 qnam
849 545 980 587 difficile
1012 547 1062 578 esc
1095 544 1221 578 crimen
1259 553 1328 577 non
1356 544 1514 587 prodere
1555 543 1674 577 vultu!

504 602 616 638 Diana
644 613 744 647 vero,
773 603 872 648 idest,
900 603 1044 638 domina
1073 606 1182 648 casta,
1202 602 1342 648 repellit
1368 612 1450 638 eam
1477 613 1499 638 a
1526 612 1564 638 se
1591 605 1626 637 et
1652 612 1674 637 a

504 662 676 698 societate
702 663 939 698 honestarum
969 663 1179 708 mulierum,
1199 666 1235 698 et
1256 663 1314 698 illa
1336 673 1407 698 non
1426 662 1536 698 audet
1562 672 1674 708 appa-

505 733 588 758 rere
616 723 651 757 in
678 726 872 768 conspectu
901 733 1051 767 earum,
1080 727 1115 758 et
1142 723 1303 758 maxime
1324 723 1418 758 Juno
1445 733 1540 758 uxor
1567 722 1672 757 adul-

504 782 571 818 teri
598 782 830 827 persequitur
857 793 959 827 eam,
988 786 1022 818 et
1050 783 1107 818 illa
1134 793 1229 828 saepe
1247 782 1403 817 efficitur
1424 792 1521 826 ursa,
1541 791 1624 826 quae
1642 780 1670 816 si

503 842 762 877 domesticatus
778 838 812 885 (Τ)
842 842 1016 887 permittit
1043 852 1082 878 se
1110 842 1219 888 tangi,
1239 842 1375 887 palpari
1394 845 1428 877 et
1448 841 1603 886 equitari
1627 841 1673 876 ab

503 901 711 936 hominibus
738 900 857 946 parvis
885 905 921 936 et
947 901 1100 948 magnis,
1123 905 1158 937 et
1177 901 1427 948 impinguatur
1445 900 1672 945 verberibus,

503 961 595 995 sicut
622 960 753 996 dicitur
775 961 819 996 de
839 971 934 996 ursa.
964 961 1015 996 Ad
1042 962 1183 997 literam
1209 972 1309 1008 ergo,
1328 961 1411 997 dicit
1429 965 1552 1007 poeta:
1576 962 1672 995 Fini-

502 1022 584 1064 tolo,
605 1021 704 1065 idest,
725 1020 824 1055 finito
844 1021 901 1056 illo
929 1021 1066 1067 hymno
1092 1021 1208 1066 basse,
1227 1023 1427 1065 yridacano
1450 1031 1551 1064 aneo,
1570 1020 1671 1066 idest,

503 1081 637 1116 iterum
666 1081 871 1116 clamabant
899 1081 946 1116 illi
973 1081 1118 1127 spiritus
1144 1082 1232 1117 alte:
1256 1083 1374 1116 Diana
1393 1083 1423 1115 st
1441 1085 1538 1116 {enne
1555 1083 1593 1115 al
1609 1081 1670 1115 bo—

503 1152 575 1184 sco,
598 1141 682 1185 quia
710 1141 864 1176 solitudo
883 1144 935 1176 est
955 1141 1114 1177 maxime
1139 1141 1255 1177 amica
1275 1141 1465 1187 pudicitiae,
1487 1145 1525 1176 ut
1544 1141 1671 1186 pulcre

503 1200 657 1236 ostendit
684 1200 820 1236 Seneca
840 1201 875 1235 in
894 1211 1047 1246 persona
1067 1201 1244 1247 Hippolyti
1266 1201 1484 1247 pudicissimi
1507 1200 1665 1247 juvenis,

502 1271 519 1295 e
546 1262 728 1294 caccionne
754 1262 858 1304 Elc'ce,
877 1271 959 1306 quae
986 1261 1056 1296 alio
1083 1261 1230 1296 nomine
1256 1261 1348 1296 dicta
1377 1265 1431 1297 est
1457 1261 1605 1305 Calist03
1633 1263 1668 1296 et

502 1320 661 1366 assignat
688 1331 835 1356 causam
864 1321 1068 1366 honestam,
1095 1321 1234 1356 dicens:
1262 1322 1333 1364 che,
1360 1321 1460 1367 idest,
1489 1332 1571 1366 quae
1598 1321 1669 1357 He-

501 1380 590 1426 lyce,
625 1391 712 1414 acea
743 1382 862 1415 senlilo
894 1382 918 1415 il
949 1384 1041 1415 tosco
1078 1382 1114 1415 (ἰί
1156 1383 1294 1424 Venere,
1326 1381 1427 1426 idest,
1458 1384 1670 1427 gustaverat

502 1450 685 1475 venenum
722 1439 884 1483 libidinis,
922 1440 1018 1485 quod
1055 1444 1107 1476 est
1140 1440 1246 1476 dulce
1279 1450 1462 1476 venenum
1489 1440 1670 1476 inebrians

500 1510 563 1535 cor
591 1499 921 1534 hominis—Indi.
950 1500 1014 1535 Hic
1043 1500 1170 1535 ultimo
1196 1504 1302 1546 poeta
1329 1501 1428 1546 pouit
1454 1501 1563 1536 aliam
1581 1511 1668 1536 can-

501 1559 644 1594 tilenam
674 1559 708 1593 in
736 1559 1090 1595 commendationem
1120 1560 1283 1595 virorum
1303 1564 1500 1596 castorum.
1522 1561 1562 1595 Et
1580 1570 1668 1595 con-

500 1619 643 1653 tinuans
671 1619 762 1654 hanc
789 1622 929 1664 partem
963 1619 1191 1664 pra-cedenti,
1222 1620 1325 1655 dicit:
1358 1622 1437 1655 Indi
1468 1624 1666 1655 tornammo

498 1680 536 1713 al
560 1682 699 1722 contar,
727 1678 827 1723 idest,
854 1678 983 1714 deinde
1009 1679 1055 1713 illi
1079 1679 1224 1724 spiritus
1243 1680 1334 1715 sacto
1357 1680 1518 1715 clamore
1542 1690 1667 1715 rever-

498 1739 669 1774 tebantur
696 1738 740 1773 ad
768 1742 929 1783 cantum,
957 1738 1049 1773 sicut
1075 1739 1295 1775 alternantes
1319 1750 1436 1784 voces,
1458 1750 1554 1775 nunc
1581 1750 1668 1775 can-

498 1798 606 1834 tando
634 1799 748 1843 basse,
776 1808 873 1833 nunc
899 1798 1090 1833 clamando
1116 1798 1197 1833 alte.
1226 1799 1268 1833 Et
1300 1799 1443 1834 videtur
1471 1799 1568 1844 quod
1595 1799 1666 1834 hu-

497 1869 637 1903 cusque
665 1858 733 1893 viri
761 1858 925 1893 fecerunt
940 1853 975 1901 ὅ)
991 1858 1213 1893 mentionem
1234 1859 1290 1894 vel
1309 1858 1662 1894 commendationem

498 1919 695 1954 mulierum
723 1922 925 1963 castarum,
955 1918 1034 1953 ideo
1062 1928 1158 1953 nunc
1190 1918 1385 1954 introducit
1413 1918 1585 1954 mulieres
1611 1918 1665 1954 sa-

496 1980 631 2015 cientes
658 1978 1011 2014 commendationem
1041 1978 1205 2013 virorum
1225 1981 1429 2022 castorum3
1450 1978 1546 2013 unde
1563 1977 1663 2013 dicit:

496 2040 580 2081 t'mle',
615 2038 714 2082 idest,
751 2038 895 2082 deinde,
928 2039 1054 2080 donne,
1089 2037 1188 2082 idest,
1222 2047 1367 2082 uxores,
1404 2047 1486 2082 quae
1520 2038 1664 2073 fuerant

495 2098 681 2141 adulterae,
696 2099 896 2141 yridarano
915 2100 926 2132 ι’
947 2099 1064 2132 marui
1081 2098 1139 2132 che
1153 2099 1214 2142 sm·
1235 2098 1332 2140 casct,
1348 2099 1535 2132 servantes
1557 2096 1664 2132 fidem

498 2157 691 2201 uxoribus,
712 2157 791 2191 ideo
809 2157 910 2191 dicit:
931 2168 1025 2191 come
1053 2160 1178 2191 vertute
1204 2167 1221 2190 e
1248 2157 1470 2191 nealrimonio
1489 2157 1658 2200 ι’)ηροηηθ.

557 2287 583 2315 (’>
602 2287 630 2309 Ε.
648 2293 716 2314 ursa,
735 2287 805 2316 quasi
824 2286 961 2309 domestica
979 2274 1087 2314 ridetur,
1107 2286 1236 2315 permittit.
1395 2285 1420 2314 (¹)
1438 2286 1462 2309 S.
1480 2285 1602 2309 fecerant.
