1737 2836
489 241 628 267 CANTUS
654 242 813 267 TEnTlos.
1169 237 1237 268 377

67 314 236 357 chioslra;
264 317 299 348 et
327 324 414 349 vere
440 314 642 348 claustrum
679 314 785 350 dulce
816 318 870 350 est
903 318 937 350 et
971 316 1074 360 quasi
1106 316 1239 351 umbra

68 373 221 418 paradisi
249 373 283 407 in
308 373 462 418 mundo3
483 374 543 408 ubi
563 374 738 409 saeculum
759 378 812 410 est
831 385 1000 410 amarum
1021 378 1056 411 et
1076 375 1238 411 infernus

67 432 279 468 viventium.
308 434 350 468 Et
377 434 557 469 concludit
586 434 760 470 Picbarda
797 435 831 470 in
864 436 957 470 facto
987 446 1066 481 suo,
1098 436 1239 471 dicens:

67 505 84 528 e
110 495 177 528 Dio
203 496 233 528 si
258 505 298 528 sa
327 495 388 538 poi
417 496 500 538 qual
534 496 603 528 mia
638 496 706 529 vila
736 497 819 540 susi,
847 496 932 540 quia
961 496 1025 531 suit
1056 496 1176 531 brevis
1204 496 1239 531 in

66 564 220 600 corpore
247 554 391 589 infirmo
420 554 452 588 in
485 557 609 589 sancto
643 555 946 600 proposito—E
976 561 1101 600 qneslo.
1135 557 1238 591 Nunc

66 614 240 649 Picbarda
267 614 435 649 describit
454 614 561 649 aliam
580 615 753 660 animam,
773 626 855 660 quae
875 616 940 650 suit
960 616 994 651 in
1016 617 1120 651 simili
1140 620 1238 652 sorte

67 684 205 718 secum,
232 674 313 709 lleet
341 685 411 709 nou
442 675 607 710 babuerit
635 675 806 711 eumdem
835 676 986 711 exitum.
1006 677 1048 711 Et
1073 680 1111 711 ut
1134 677 1237 712 litera

65 743 221 778 sequens
247 734 291 768 sit
318 734 460 778 clarior,
489 738 631 779 oportet
649 735 752 779 scire,
773 735 868 780 quod
889 736 965 771 baec
988 746 1121 782 magna
1143 736 1238 771 Con—

66 793 195 828 stantia
223 793 288 827 suit
317 793 385 828 tilia
413 794 581 828 Guilelmi
610 794 793 839 quondam
822 795 946 840 optimi
973 795 1066 841 regis
1088 795 1237 839 Siciliae3

67 853 101 888 in
128 853 233 888 cuius
259 856 343 888 ortu
372 854 519 898 quidam
547 854 708 889 Joachim
743 854 894 890 Calaber
928 855 1053 900 spiritu
1083 856 1238 900 propbe-

64 913 134 948 tico
162 913 317 958 dotatus,
346 914 510 959 praedixit
537 914 718 949 Guilelmo
750 914 860 949 filiam
895 918 1016 949 natam
1048 914 1175 949 Siciliae
1202 918 1237 950 et

64 973 172 1008 Italiae
206 973 465 1009 desolationem
499 974 673 1009 suturam.
708 975 782 1009 Rex
817 975 985 1010 vaticinio
1017 975 1239 1020 stupefactus

64 1036 99 1068 et
127 1034 287 1078 territus,
315 1034 400 1078 quia
427 1034 473 1069 ab
503 1037 654 1079 experto
687 1035 858 1070 credebat
896 1035 973 1070 viro
1007 1035 1239 1080 amplissima}

64 1093 279 1137 autoritatis,
308 1097 387 1138 post
414 1094 559 1139 longam
588 1094 859 1129 meditationem
885 1095 1022 1139 volens,
1048 1095 1075 1129 si
1105 1099 1238 1140 posset,

66 1156 236 1188 avertere
263 1153 377 1188 satum
406 1164 532 1199 regno,
556 1154 732 1189 dedicavit
760 1154 872 1200 ipsam
902 1155 976 1190 Deo
1004 1155 1038 1189 in
1067 1155 1238 1200 claustro,

66 1216 105 1247 ut
131 1212 181 1248 sic
208 1212 325 1247 omnis
352 1224 432 1258 spes
459 1213 525 1248 viri
554 1213 610 1249 vel
630 1213 689 1248 filii
710 1215 909 1249 tolleretur.
929 1215 1017 1256 Quae
1040 1225 1123 1249 cum
1140 1215 1238 1260 J'am—

63 1273 123 1308 diu
152 1276 274 1308 sancte
302 1273 447 1308 vixisset
476 1273 510 1307 in
538 1274 622 1317 otio,
652 1278 799 1309 mortuo
827 1274 1052 1309 sanctissimo
1078 1278 1180 1320 patre
1203 1277 1238 1309 et

64 1333 175 1368 fratre
201 1333 290 1377 eius7
319 1343 390 1367 nou
418 1336 565 1368 extante
592 1333 737 1368 haerede
764 1333 937 1379 legitimo,
966 1333 1112 1378 quidam
1143 1334 1238 1369 Tan—

63 1393 195 1429 credus
222 1393 384 1439 Regulus
411 1393 455 1428 de
483 1393 593 1438 stirpe
619 1394 850 1429 transversali
869 1394 1026 1439 suscepit
1047 1394 1147 1440 regni
1167 1404 1237 1440 gu-

65 1454 319 1496 bernaculum7
347 1456 379 1488 et
409 1457 487 1498 post
514 1464 599 1488 emn
620 1453 822 1489 Guilelmus
842 1454 988 1499 juvenis
1017 1453 1110 1488 [ilius
1137 1454 1235 1498 eiusg

65 1524 110 1549 ex
138 1523 212 1557 quo
244 1513 379 1548 factum
407 1517 472 1557 est,
502 1517 540 1548 ut
573 1513 693 1549 nobile
729 1524 886 1560 regnum
920 1514 1028 1549 variis
1056 1514 1168 1558 suriis,
1198 1517 1236 1548 ut

65 1573 164 1618 olim,
191 1576 389 1608 vexaretur
414 1573 515 1608 bellis
542 1577 577 1608 et
604 1574 839 1609 seditionibus
861 1574 1045 1609 intestinis.
1070 1575 1237 1620 Quapro-

65 1636 144 1678 pter
170 1633 360 1668 decretum
389 1637 440 1668 est
461 1644 527 1678 pro
548 1633 720 1678 remedio,
740 1637 781 1668 ut
799 1634 1006 1669 Constantia
1029 1634 1237 1669 traderetur

63 1692 171 1727 alicui
200 1703 331 1739 magno
353 1693 517 1738 principi,
536 1693 641 1728 cuius
661 1693 819 1739 potentia
847 1696 882 1729 et
908 1704 1019 1739 opera
1039 1704 1235 1729 succurre—

65 1755 167 1787 retur
194 1762 318 1798 regno.
347 1753 505 1788 Tandem
527 1763 610 1787 cum
632 1764 766 1798 magno
786 1753 911 1788 labore
930 1757 965 1788 et
986 1753 1068 1788 dolo
1088 1754 1145 1788 vix
1170 1753 1236 1788 ob-

65 1815 204 1847 tentum
233 1815 298 1856 est,
319 1815 357 1847 ut
379 1813 585 1848 Constantia
613 1824 634 1848 a
661 1813 843 1859 religionis
862 1814 1045 1859 proposito
1065 1824 1235 1849 movere-

65 1875 125 1906 tur
142 1868 196 1916 (Ἣ
224 1874 259 1906 et
285 1872 531 1907 consentiente
558 1883 704 1907 summo
731 1873 903 1908 Pontifice
935 1874 1054 1919 nupsit
1081 1873 1235 1908 Henrico

66 1931 274 1977 imperatori
292 1932 362 1966 filio
381 1932 551 1967 Friderici
568 1933 589 1966 1.
611 1933 652 1967 Et
669 1933 831 1978 deposito
851 1933 1064 1979 virginitatis
1083 1933 1234 1978 pudore,

64 2002 175 2037 quarn
204 1995 417 2037 perpetuam
448 1992 521 2026 Deo
548 1996 699 2027 voverat
726 1992 760 2027 in
788 1993 872 2036 vita,
893 1993 1057 2038 concepit
1084 2003 1129 2027 ex
1158 1992 1235 2028 viro

64 2062 147 2087 cum
176 2051 416 2086 admiratione
443 2052 622 2096 omnium,
644 2062 729 2086 cum
752 2052 828 2097 Jam
857 2056 951 2087 esset
979 2053 1100 2087 vetula
1129 2052 1236 2097 quin-

65 2111 238 2157 quaginta
279 2111 441 2156 quinque
479 2122 672 2146 annorum.
710 2112 800 2147 Cum
840 2116 964 2147 autem
1002 2113 1069 2147 hoc
1109 2112 1233 2147 fictum

65 2171 278 2207 crederetur
305 2182 325 2206 a
355 2171 486 2215 multis,
515 2171 559 2206 ad
588 2171 780 2207 tollendam
809 2182 956 2207 omnem
979 2172 1233 2218 suspicionem,

125 2301 151 2330 (¹)
167 2302 191 2325 S.
209 2304 396 2324 removeretur.
