1766 2856
529 247 576 279 82
892 253 1094 279 COMENTUM
1122 253 1339 278 PURGATonn

526 329 598 372 sue,
626 327 683 362 ille
709 326 890 371 Foresius,
917 327 976 361 clze
1000 328 1050 370 ylt'
1075 327 1170 361 occln'
1195 328 1273 361 miei
1297 328 1328 361 si
1349 329 1428 372 fero
1445 338 1469 362 α
1487 329 1534 362 [αι’
1550 330 1702 373 sequaci,

527 390 607 432 post
636 397 821 422 recessum
855 397 977 431 suum,
1005 397 1099 421 come
1126 388 1160 422 la
1189 390 1310 431 mente,
1338 387 1472 423 scilicet
1506 398 1589 424 mea
1621 389 1702 424 fecit

528 456 567 482 se
594 457 803 491 sequacem,
831 457 853 480 a
881 448 910 482 le
932 448 1057 492 parole
1082 458 1154 491 sue,
1181 458 1264 493 quae
1298 447 1440 483 dixerat
1473 449 1701 486 vaticinando

528 506 573 541 de
611 510 729 542 morte
765 507 897 552 Cursii,
933 507 1017 552 quia
1055 508 1147 543 sieut
1185 518 1270 543 eum
1310 508 1424 543 oculis
1464 509 1700 555 respiciebam

528 565 645 611 ipsum
676 566 919 611 recedentem,
940 567 986 602 ita
1006 577 1091 603 cum
1121 571 1243 603 mente
1271 568 1507 614 respiciebam
1536 569 1582 604 ad
1609 570 1702 605 vati-

528 625 662 660 cinium
692 627 789 672 eius,
812 629 997 671 pctrvermt'
1021 629 1115 662 rami
1141 629 1231 663 cl’un
1259 630 1350 663 alfro
1372 639 1493 673 ροηιο,
1521 629 1622 675 idest,
1640 641 1701 666 ar-

528 684 625 720 boris
652 687 850 732 pomiferae,
877 689 1031 731 gravidi,
1059 687 1159 732 idest,
1187 682 1319 733 onusti,
1354 689 1449 734 pleni
1483 690 1605 724 multis
1637 700 1702 736 po-

528 745 607 790 mis,
635 757 652 780 e
679 748 801 791 m‘vacz',
830 747 931 792 idest,
961 747 1118 783 virentes
1152 751 1300 793 propter
1331 759 1466 793 aquam
1501 753 1700 794 recentem,

527 817 611 851 quae
638 807 809 842 continuo
837 807 963 853 irrigat
991 818 1064 843 eos.
1093 808 1135 842 Et
1161 808 1264 843 dicit:
1284 819 1301 843 e
1327 819 1397 843 von
1424 811 1527 844 mollo
1555 811 1700 854 lontani,

527 866 627 911 idest,
658 867 763 913 longe
781 877 803 902 a
822 877 892 912 me,
916 878 982 912 per
1001 878 1093 902 esser
1109 879 1179 912 [mr
1197 870 1314 903 allora
1338 870 1427 903 volco
1445 871 1481 904 in
1500 871 1579 914 laci,
1598 869 1700 915 idest,

526 928 561 960 in
589 922 637 970 ld,
666 927 767 971 quasi
795 927 908 962 dicat:
938 927 1029 962 rami
1056 928 1198 963 arboris
1217 933 1322 964 erant
1344 929 1430 964 mihi
1452 929 1536 964 satis
1555 929 1702 975 propin-

527 986 601 1032 qui,
630 987 691 1021 sed
718 997 790 1022 non
818 988 1083 1033 perpenderam
1108 988 1224 1033 citius,
1245 989 1330 1034 quia
1358 989 1549 1024 veniebam
1578 989 1701 1025 conse-

527 1047 640 1082 rendo
667 1057 752 1082 cum
781 1047 946 1092 Foresio;
973 1047 1102 1083 deinde
1130 1048 1366 1094 respiciebam
1386 1053 1465 1095 post
1484 1060 1570 1084 eum
1598 1059 1701 1085 rece-

526 1107 693 1142 dentem:
723 1118 797 1152 quo
828 1107 1045 1153 disparente,
1073 1109 1241 1154 apparuit
1269 1109 1355 1143 mihi
1384 1119 1478 1144 nova
1505 1109 1628 1144 arbor.
1659 1109 1701 1144 Et

528 1168 583 1203 hic
612 1171 695 1203 nota
723 1168 820 1213 quod
852 1168 918 1203 ista
949 1168 1060 1203 arbor
1092 1169 1249 1204 secunda
1288 1173 1341 1204 est
1375 1169 1538 1204 similiter
1571 1179 1699 1205 eversa

527 1228 619 1263 sieut
654 1228 782 1274 prima,
816 1230 851 1263 et
883 1228 917 1262 in
951 1228 1121 1263 omnibus
1156 1229 1357 1264 simillima:
1386 1232 1421 1264 et
1456 1232 1562 1275 poeta
1598 1229 1701 1275 punit

526 1288 611 1323 istos
630 1288 723 1323 intra
751 1288 842 1323 duas
869 1288 1039 1323 arbores:
1060 1288 1121 1323 sed
1151 1289 1215 1324 ista
1241 1289 1401 1324 secunda
1420 1289 1564 1324 videtur
1584 1288 1700 1335 magis

527 1349 694 1384 cruciare
721 1359 831 1393 quam
855 1348 984 1393 prima,
1017 1348 1109 1383 forte
1128 1349 1213 1393 quia
1233 1349 1348 1394 prima
1369 1349 1470 1394 punit
1489 1349 1524 1384 in
1550 1352 1700 1395 quanto,

525 1408 685 1444 secunda
712 1408 747 1443 in
774 1409 893 1453 quali,
926 1409 982 1444 vel
1016 1408 1101 1454 quia
1137 1409 1254 1454 prima
1286 1409 1388 1454 punit
1420 1409 1606 1454 epulones,
1642 1419 1700 1445 se-

525 1469 643 1504 cunda
671 1472 855 1514 potatores
877 1469 938 1514 qui
961 1469 1075 1515 magis
1098 1472 1259 1514 peccant,
1279 1469 1359 1504 ideo
1381 1468 1508 1504 durius
1531 1469 1700 1505 crucian-

526 1532 596 1572 tur,
621 1531 660 1562 ut
679 1529 797 1563 statim
819 1532 914 1574 patet
931 1526 1038 1572 Q-
1055 1530 1137 1563 Ιίἰῐί.
1159 1529 1221 1563 Hir
1241 1532 1345 1574 poeta
1364 1529 1534 1564 describit
1552 1539 1697 1575 poenam

526 1598 707 1623 novorum
745 1588 960 1635 gulosorum
993 1598 1059 1633 per
1093 1589 1352 1634 pulcerrimam
1388 1589 1698 1634 comparationem

526 1651 560 1684 et
585 1648 824 1693 manifestam,
845 1648 985 1684 dicens:
1014 1650 1088 1683 Vide·
1112 1650 1204 1692 qemi
1229 1650 1398 1692 solt'esso,
1418 1648 1518 1694 idest,
1538 1649 1606 1684 sub
1634 1649 1699 1685 ista

527 1708 668 1743 novella
699 1708 844 1753 arbore,
872 1710 977 1743 alzar
1010 1710 1039 1743 le
1075 1710 1182 1751 mani,
1209 1708 1253 1743 ad
1291 1708 1495 1754 recipienda
1529 1720 1636 1755 poma
1671 1710 1698 1745 si

526 1766 619 1801 sorte
645 1766 828 1811 caderent,
856 1778 873 1801 e
898 1769 1026 1810 yridar
1061 1778 1130 1801 'non
1161 1778 1200 1801 so
1230 1768 1301 1806 che,
1331 1771 1500 1813 rogantes
1530 1778 1597 1813 pro
1623 1769 1698 1804 Deo

527 1827 731 1862 remedium
760 1827 932 1872 appetitui
970 1838 1113 1874 magno,
1145 1838 1243 1862 verso
1276 1829 1306 1862 Ie
1336 1829 1478 1873 fronde,
1505 1828 1566 1863 ubi
1595 1832 1699 1865 erant

525 1897 633 1932 poma
663 1887 834 1931 recentia,
854 1897 937 1932 quae
957 1887 1233 1933 refrigerassem
1260 1898 1390 1933 parum
1410 1891 1561 1934 guttura
1578 1884 1613 1932 (²)
1634 1899 1698 1924 eo-

526 1957 609 1981 rum
639 1947 743 1992 sicca,
771 1958 791 1982 a
819 1948 944 1982 simili:
974 1949 1073 1992 qnasi
1099 1949 1254 1982 branzost
1283 1949 1446 1993 [antolini
1472 1960 1490 1983 e
1519 1951 1614 1993 vani,
1641 1951 1699 1984 elie

522 2017 695 2050 preyrmo,
729 2007 888 2052 aliquem
927 2008 1121 2043 habentem
1159 2018 1309 2053 pomum
1350 2011 1385 2043 et
1424 2008 1698 2054 ostendentem,

524 2078 541 2099 e
556 2068 579 2099 'l
598 2071 748 2110 preyato
775 2078 843 2102 mm
873 2069 1049 2112 responde,
1070 2068 1155 2113 quia
1179 2078 1249 2103 non
1268 2068 1419 2114 porrigit
1441 2068 1504 2103 sibi
1527 2079 1696 2114 manum,

524 2136 581 2159 ma
606 2138 671 2170 [mr
695 2130 756 2172 sm·
784 2127 864 2161 bene
891 2139 983 2163 esser
1010 2130 1064 2163 lor
1092 2130 1207 2172 voylta
1242 2132 1357 2171 acuta,
1385 2128 1486 2173 idest,
1515 2132 1554 2163 ut
1583 2129 1696 2175 magis

525 2186 698 2221 accendat
724 2187 922 2232 appetitum
952 2198 1096 2233 eorum,
1124 2190 1208 2223 liene
1241 2190 1310 2223 alto
1342 2190 1397 2223 lor
1423 2190 1523 2231 disto,
1550 2189 1694 2234 scilicet,

586 2318 613 2347 (Ἴ
631 2318 655 2341 S.
674 2318 775 2348 patebit.
991 2317 1017 2347 (ἵρ,
1036 2320 1064 2342 Ε.
1083 2320 1168 2349 gui-'ini
1187 2326 1278 2343 vorum
1297 2321 1399 2343 siccam.
