1766 2856
496 251 566 283 462
887 252 1090 278 COMENTL‘M
1116 251 1283 276 PARAmSI

495 328 641 364 nomine
669 328 842 371 corrupto
870 335 942 360 non
970 324 1137 370 integro,
1166 333 1252 358 nam
1279 321 1423 357 Beatrix
1462 331 1548 357 cum
1580 326 1675 357 esset

495 388 668 424 infantula
698 385 900 422 vocabatur
928 384 1130 431 vulgariter
1161 385 1242 418 Βία»
1268 382 1449 418 vocabulo
1477 385 1675 428 syncopato

494 447 696 484 secundum
724 445 1028 481 consuetudinem
1058 444 1195 490 patriae,
1223 443 1317 479 sicut
1343 443 1516 478 Bononiae
1542 443 1676 478 dieitur

494 519 590 554 saepe
620 509 745 542 Colans
772 516 838 552 pro
864 506 1023 541 Nicolao.
1045 505 1128 541 Ideo
1151 504 1254 540 dicit:
1273 515 1343 549 pur
1357 515 1423 549 per
1442 504 1474 549 b,
1496 514 1513 538 e
1530 514 1595 548 per
1613 504 1676 546 iee,

496 568 599 614 quasi
627 568 733 612 dicat,
765 566 877 602 habui
904 567 940 601 in
970 576 1102 612 magna
1132 565 1349 610 reverentia,
1369 574 1452 610 quae
1479 567 1532 600 est
1559 564 1677 599 honor

496 640 581 665 cum
612 629 754 673 timore,
775 628 880 663 istam
907 626 1093 662 dominam
1117 636 1137 661 a
1157 625 1313 672 pueritia
1341 625 1377 660 in
1404 628 1515 669 terra,
1539 627 1678 670 quanto

497 689 625 725 fortius
652 689 765 734 ipsam
795 687 995 734 perfectam
1032 686 1067 721 in
1103 686 1206 730 coelo,
1235 687 1282 720 mi
1306 686 1503 729 richtnava,
1531 684 1677 730 scilicet,

497 749 543 785 ad
578 759 627 794 se,
661 759 754 783 come
789 749 897 782 l’uom
932 748 1166 790 clz'assonna,
1199 745 1285 791 quia
1320 745 1452 781 fiebam
1486 745 1608 780 lentus
1642 748 1679 780 et

498 809 601 854 quasi
629 808 879 843 somnolentus
907 817 953 842 ex
985 806 1185 851 timiditate,
1218 816 1285 841 nec
1317 806 1499 841 audebam
1535 805 1679 841 solvere

498 869 659 915 linguam
690 877 735 902 ne
764 867 995 902 incurrerem
1024 866 1281 902 temeritatem.
1298 868 1464 901 -Ροεο,
1487 865 1551 900 Hic
1570 869 1678 900 autor

498 928 651 964 ostendit
679 927 865 973 quomodo
893 927 1040 962 Beat1·ix
1068 927 1305 972 explicaverit
1324 926 1564 972 quaestionem
1588 925 1678 971 eius,

498 989 638 1024 dicens:
679 989 846 1032 Bealrz'ce,
882 998 965 1033 quae
1002 998 1075 1023 non
1111 990 1190 1022 erat
1227 987 1383 1033 amplius
1410 988 1503 1032 Bice,
1532 989 1677 1031 sofferse

495 1059 583 1094 poco
611 1059 663 1082 me
689 1050 792 1092 cotal,
821 1047 921 1093 idest,
950 1058 1024 1083 non
1051 1047 1214 1093 permisit
1241 1047 1398 1093 amplius
1426 1057 1486 1082 me
1514 1045 1679 1091 torqueri

498 1110 555 1145 siti
583 1120 665 1145 mea
694 1110 786 1145 sicut
813 1109 898 1145 olim
927 1109 962 1144 in
990 1112 1090 1145 terra
1118 1119 1178 1144 me
1210 1109 1270 1144 diu
1303 1109 1407 1144 torsit.
1438 1118 1567 1144 amore
1597 1118 1678 1153 suo,

499 1182 515 1204 e
542 1166 722 1213 comiaclo,
751 1170 878 1216 supple
906 1170 1017 1215 loqui,
1045 1171 1297 1214 raqyiandomi
1329 1171 1423 1204 cl’mz
1455 1171 1541 1214 riso,
1577 1169 1679 1212 idest,

499 1230 632 1275 laetitia,
662 1234 702 1266 ut
730 1230 834 1266 daret
853 1230 939 1265 mihi
959 1240 1073 1276 spem,
1094 1232 1154 1274 tal,
1173 1231 1231 1264 che
1250 1231 1306 1264 nel
1322 1232 1426 1275 sztoco
1442 1231 1542 1275 faria
1568 1231 1680 1264 l’uom

497 1292 605 1336 selice,
637 1291 806 1336 quamvis
833 1291 925 1338 ignis
952 1292 996 1326 sit
1024 1292 1184 1326 multum
1212 1291 1383 1337 poenalisg
1413 1290 1475 1326 sed
1501 1291 1530 1325 si
1557 1291 1679 1326 anima

499 1351 613 1396 posita
640 1351 676 1386 in
709 1352 791 1398 igne
824 1351 990 1387 infernali
1018 1351 1159 1387 videret
1193 1351 1313 1387 Deum
1349 1354 1444 1387 esset
1478 1351 1585 1387 beata
1612 1351 1682 1387 du-

501 1415 603 1447 rante
631 1412 769 1447 visione
797 1411 868 1447 tali.
897 1412 939 1447 Et
966 1422 1052 1447 ecce
1080 1411 1166 1457 quid
1193 1411 1301 1446 dixit:
1330 1421 1425 1446 come
1456 1412 1571 1455 yiusta
1600 1422 1682 1446 tren-

500 1473 602 1516 della,
631 1472 724 1508 facta
751 1482 816 1518 per
845 1476 1003 1508 mortem
1032 1472 1162 1508 Christi
1181 1472 1225 1507 de
1247 1475 1397 1518 peccato
1419 1471 1527 1518 primi
1549 1482 1682 1517 paren-

502 1533 554 1577 tis,
580 1534 702 1577 punita
727 1535 821 1578 fosse
847 1535 1086 1577 yz‘uslamenle,
1108 1532 1240 1568 scilicet
1260 1542 1325 1578 per
1344 1532 1476 1577 Titum,
1497 1533 1573 1567 t’ha
1596 1534 1683 1568 miso

502 1594 533 1626 [n
557 1595 711 1637 pensier,
742 1593 843 1637 idest,
872 1593 991 1639 posuit
1019 1597 1054 1628 te
1082 1593 1117 1628 in
1145 1603 1286 1637 curam,
1320 1593 1424 1638 quasi
1458 1593 1572 1629 dicat:
1601 1593 1683 1629 fecit

503 1657 536 1688 te
563 1653 748 1698 dubitareg
778 1657 812 1689 et
841 1653 944 1688 dicit:
964 1655 1113 1688 secondo
1133 1655 1201 1688 mio
1224 1653 1402 1698 insollibile
1426 1655 1560 1697 occiso,
1579 1653 1682 1699 idest,

502 1713 704 1747 secundum
729 1713 907 1758 judicium
939 1724 1065 1749 meum
1097 1713 1195 1758 quod
1227 1713 1299 1748 salli
1335 1724 1407 1749 non
1440 1717 1568 1759 potest,
1597 1714 1682 1759 quia

501 1783 604 1808 saera
632 1773 811 1818 scriptura
840 1783 913 1808 non
941 1773 1127 1808 mentitur.
1157 1774 1197 1808 Et
1226 1774 1403 1819 promittit
1435 1773 1500 1809 sibi
1532 1773 1682 1809 solutio-

503 1843 598 1878 nem,
628 1836 663 1868 et
695 1833 777 1868 facit
814 1844 900 1868 eum
929 1836 1122 1877 attentum,
1155 1833 1298 1869 dicens:
1334 1844 1392 1868 ma
1425 1835 1457 1868 io
1489 1835 1512 1868 te?
1545 1829 1684 1870 solvero

503 1897 589 1927 {osto
616 1894 649 1927 Ia
677 1898 799 1937 mente,
827 1904 910 1939 quae
938 1894 1046 1940 ligata
1075 1897 1128 1929 est
1155 1897 1255 1929 tanto
1282 1893 1405 1939 dubio,
1432 1905 1450 1929 e
1476 1897 1510 1929 tn
1537 1896 1683 1939 ascolla,

504 1954 603 1999 idest,
631 1957 767 1989 attente
796 1958 892 1998 nota,
920 1952 979 1989 elle*
1006 1956 1034 1988 le
1061 1956 1126 1988 mie
1148 1956 1275 1999 parole
1309 1956 1334 1989 te·
1365 1957 1477 2000 faran
1511 1958 1680 2000 presente,

505 2014 603 2059 idest,
634 2024 782 2060 munus,
809 2014 884 2050 sive
919 2014 1058 2050 donum
1097 2025 1285 2061 magnum,
1317 2015 1365 2050 ita
1397 2015 1495 2060 quod
1524 2018 1684 2060 presente

504 2078 555 2109 est
575 2074 632 2110 hic
652 2085 787 2110 nomen
807 2086 879 2111 non
900 2075 1143 2121 participium,
1158 2077 1195 2110 di
1207 2086 1301 2120 91·an
1321 2077 1516 2121 senlenzia;
1536 2079 1571 2111 et
1590 2076 1684 2111 bene

503 2134 596 2179 dicit,
619 2145 704 2169 nam
726 2135 753 2170 si
773 2136 998 2171 Justinianus
1018 2136 1051 2170 in
1073 2135 1293 2182 praecedenti
1323 2136 1481 2181 capitulo
1502 2135 1584 2171 fecit
1603 2135 1685 2182 pul-

503 2205 610 2228 crum
637 2195 775 2230 donum
804 2196 925 2232 autori
954 2196 999 2232 de
1022 2190 1175 2231 materia
1205 2196 1334 2231 morali
1361 2206 1445 2232 cum
1474 2195 1580 2231 claris
1600 2205 1684 2242 per-

504 2254 744 2299 suasionibuS,
761 2256 905 2292 Beatrix
926 2256 960 2291 in
984 2256 1153 2302 praesenti
1173 2256 1331 2302 capitulo
1351 2256 1434 2292 facit
1453 2256 1485 2292 ei
1505 2266 1682 2303 magnum

505 2314 641 2349 donum
670 2315 714 2351 de
743 2317 895 2352 materia
918 2317 1039 2352 divina
1067 2327 1153 2352 cum
1180 2317 1432 2353 subtilioribus
1460 2316 1683 2363 rationibu83
