1766 2856
505 235 574 268 326
900 241 1105 267 COMENTUM
1132 242 1297 266 PARADISI

503 319 636 351 natura
678 314 826 360 provida
862 314 1004 349 caeteris
1040 314 1286 350 animantibus
1322 314 1418 351 dedit
1450 320 1573 352 cutem
1613 316 1682 352 du-

503 386 595 420 ram,
617 384 760 421 ungues
782 377 815 409 et
835 384 996 419 cornua3
1017 374 1155 409 homini
1176 373 1272 410 dedit
1292 386 1409 410 unum
1428 380 1680 422 reparatorem

501 435 680 479 omnium,
696 433 830 469 scilicet
849 433 1085 470 intellectum.
1106 435 1219 470 Bruta
1239 445 1328 482 ergo
1348 436 1433 472 laesa
1455 446 1527 472 non
1546 437 1681 472 hahent

502 495 720 539 remedium,
743 494 809 529 nisi
836 494 1048 530 conseratur
1066 495 1112 530 ab
1132 495 1299 531 homine:
1327 496 1484 542 elephas,
1503 497 1678 542 camelus,

499 556 576 600 bos7
597 566 716 601 equus
743 558 778 591 et
805 555 874 591 alia
894 565 979 591 cum
999 556 1188 591 senuerint
1209 559 1447 602 spernuntur,
1470 567 1556 592 cum
1578 557 1679 592 obie-

500 616 573 651 rint
600 626 672 651 non
691 619 790 661 sunt3
811 616 928 651 solum
958 615 1143 651 hominem
1166 616 1300 651 virtute
1319 615 1497 662 dotatum,
1517 627 1600 662 quae
1619 627 1678 652 so—

499 676 568 712 lius
587 676 742 712 hominis
758 680 811 712 est
831 676 988 722 propria,
1008 680 1176 711 senectus
1196 676 1278 712 facit
1297 677 1557 722 venerabilem,
1578 687 1677 712 mors

498 737 700 783 gloriosum
729 740 765 772 et
792 736 946 781 felicem,
975 746 1085 781 quem
1115 736 1287 772 transfert
1313 747 1386 772 non
1413 736 1612 783 extinguit:
1641 739 1678 772 et

498 806 583 832 cum
603 797 774 832 animalia
796 797 910 832 multa
934 796 1004 831 sint
1022 800 1165 832 armata
1185 796 1408 842 fortitudine,
1427 797 1619 833 velocitate
1641 800 1677 833 et

497 857 588 902 aliis,
615 857 714 891 solus
743 857 852 892 homo
873 856 937 891 suit
957 866 1058 892 curae
1076 857 1240 893 Creatori
1259 868 1338 902 suo,
1367 857 1424 893 cui
1452 857 1548 893 dedit
1567 861 1677 904 caput

497 916 694 962 sperleuni,
724 916 759 951 in
787 927 860 962 quo
887 916 1007 963 posuit
1030 917 1155 952 oculos
1181 917 1342 953 sidereos
1364 917 1401 952 in
1420 917 1553 964 quibus
1576 918 1675 954 relu-

497 979 581 1012 cent
608 980 749 1013 secreta
776 977 900 1023 animi,
928 977 1025 1013 dedit
1053 977 1231 1013 rationem
1266 982 1302 1013 et
1336 978 1562 1024 orationem3
1596 978 1677 1015 ideo

498 1037 630 1072 merito
650 1037 773 1073 onmia
792 1037 1018 1073 famulantur
1039 1038 1104 1072 illi:
1128 1037 1203 1084 ipse
1222 1038 1345 1074 omnia
1369 1038 1493 1074 domat
1511 1041 1547 1074 et
1567 1038 1677 1074 trahit

496 1096 541 1132 ad
561 1097 756 1133 commoda
781 1108 868 1142 sua;
896 1098 1029 1133 bovem
1058 1098 1125 1133 snb
1148 1098 1295 1144 jugum,
1323 1108 1461 1143 equum
1491 1098 1559 1133 sub
1591 1098 1675 1134 frae-

497 1168 586 1192 num
606 1160 673 1193 etc.
694 1158 763 1193 Per
782 1157 1006 1193 intellectum
1028 1157 1138 1204 igitur
1161 1158 1271 1193 homo
1290 1157 1500 1193 dominatur
1522 1158 1674 1203 cunctis,

496 1222 533 1254 et
567 1219 692 1254 vivens
726 1218 860 1254 fruitur
888 1219 970 1254 luce
997 1218 1159 1254 veritatis
1187 1222 1346 1264 oeternae,
1380 1218 1501 1254 clarus
1536 1218 1671 1254 virtute

496 1279 590 1315 inter
609 1279 786 1324 homines,
803 1279 950 1314 futurus
969 1279 1192 1314 clarissimus
1211 1282 1245 1315 et
1265 1279 1394 1314 beatus
1413 1278 1507 1314 inter
1527 1279 1671 1314 electos.

495 1340 546 1374 Ex
575 1340 628 1374 his
657 1340 787 1375 notatis
814 1340 912 1375 clare
939 1343 1037 1385 patet
1059 1340 1157 1385 quod
1175 1339 1352 1375 dubitatio
1380 1339 1503 1375 Dantis
1522 1350 1620 1375 nunc
1637 1336 1672 1384 (¹)

494 1404 574 1436 erat
591 1400 824 1445 rationabilis7
834 1401 896 1446 qui
911 1400 1114 1436 mirabatur
1126 1400 1311 1446 quomodo
1323 1400 1448 1436 vivens
1459 1400 1674 1436 ascenderet

494 1461 642 1506 eoelum⁷
670 1460 897 1496 considerata
919 1460 1054 1496 vilitate
1081 1461 1252 1496 humanae
1279 1463 1434 1506 naturae,
1454 1470 1536 1506 quae
1564 1459 1673 1495 trahit

494 1521 678 1556 hominem
707 1521 901 1566 deorsum3
929 1525 964 1557 et
986 1521 1172 1567 responsio
1199 1520 1373 1556 Beatriois
1400 1524 1453 1556 est
1480 1520 1669 1557 verissima

493 1581 718 1617 considerata
747 1581 933 1617 nobilitate
952 1582 1084 1617 animae
1106 1581 1300 1627 rationalis,
1322 1591 1404 1626 qnae
1424 1581 1534 1617 trahit
1553 1581 1670 1627 ipsum

492 1651 653 1686 sursum7
688 1644 723 1676 et
757 1641 839 1676 facit
856 1637 890 1685 (Γ)
925 1641 1081 1676 similem
1110 1641 1198 1685 Deo,
1226 1640 1254 1675 si
1288 1640 1332 1675 sit
1359 1640 1550 1686 dispositus
1577 1641 1670 1676 sicut

493 1711 589 1736 nune
617 1704 696 1736 erat
724 1704 828 1746 poeta
857 1705 990 1737 noster.
1020 1701 1120 1736 Siout
1142 1700 1238 1736 enim
1257 1700 1392 1735 animal
1412 1700 1544 1736 cadens
1563 1700 1669 1735 nimis

490 1761 536 1795 ab
562 1761 636 1796 alto
663 1760 897 1796 exanimatur
924 1764 1124 1806 antequam
1153 1760 1341 1806 perveniat
1368 1760 1413 1795 ad
1434 1764 1592 1806 terram3
1619 1760 1667 1796 ita

490 1820 600 1856 homo
633 1820 738 1855 nimis
773 1821 845 1856 alte
876 1820 1075 1856 ascendens
1106 1820 1238 1856 amittit
1271 1820 1543 1865 quodammodo
1583 1830 1667 1856 cor-

490 1891 569 1927 pus,
589 1885 625 1917 et
647 1881 751 1927 qnasi
778 1881 866 1916 vivit
892 1881 927 1916 in
954 1881 1058 1916 coelo.
1078 1881 1182 1916 Nunc
1209 1880 1254 1916 ad
1283 1881 1425 1916 literani
1445 1880 1664 1917 veniendum

489 1945 553 1977 est.
582 1941 673 1976 Dicit
696 1945 800 1987 poeta
824 1952 978 1977 movens
1004 1941 1208 1977 secundnm
1236 1941 1413 1977 dubium:
1442 1942 1476 1976 S’
1490 1943 1524 1976 io
1540 1942 1592 1986 sui
1615 1942 1669 1976 del

485 2004 603 2047 primo
622 2003 746 2037 dubbio
765 2004 952 2047 disceslt‘to,
975 2002 1072 2048 quod
1101 2013 1204 2037 mens
1227 2012 1309 2038 mea
1328 2001 1497 2037 induerat
1515 2012 1582 2047 pro
1601 2011 1666 2037 no—

490 2063 598 2099 vitate
626 2063 703 2098 soni
731 2066 767 2099 et
794 2063 952 2108 luininis7
977 2074 1042 2108 per
1068 2064 1098 2098 le
1123 2063 1255 2097 soz-riso
1279 2063 1447 2106 parolelte
1466 2061 1573 2105 brevi,
1595 2061 1665 2096 sci-

488 2123 581 2168 licet,
609 2124 693 2168 quia
722 2124 866 2159 Beatrix
897 2123 1057 2174 breviter
1085 2122 1321 2169 responderat
1352 2121 1439 2156 mihi
1474 2121 1664 2157 subridens

487 2182 532 2218 de
561 2183 718 2218 ruditate
741 2194 835 2228 mea,
855 2184 917 2229 qui
937 2184 1133 2219 credebam
1156 2183 1276 2218 adhue
1295 2192 1374 2218 esse
1394 2182 1428 2217 in
1448 2185 1558 2228 terra,
1578 2192 1661 2218 cum

550 2311 574 2339 (¹)
592 2311 621 2334 li.
638 2318 688 2334 non
706 2313 769 2334 orat.
900 2311 923 2340 (¹)
944 2311 972 2335 E.
991 2311 1051 2335 facit
1069 2312 1151 2341 ipsum
1169 2310 1278 2334 similem
1296 2310 1381 2334 divino
1399 2310 1507 2340 spiritui.
