1737 2836
362 249 498 274 CANTUS
525 249 714 274 leEsmus
741 247 909 273 OCTAVUS.
1150 242 1215 272 177

53 322 200 369 quando
226 322 381 368 portabit
409 331 534 357 semen
561 321 702 356 arboris
729 320 773 356 ad
799 320 958 364 aliquam
979 323 1120 365 partem
1140 319 1220 354 lon-

52 382 239 429 ginquam,
259 382 351 417 sicut
377 381 542 416 videmus
570 380 667 425 quod
690 379 872 415 interdum
893 379 1002 414 arbor
1020 379 1218 415 domestica

55 442 236 487 reperitur
264 441 298 476 in
325 441 437 487 sylva,
468 440 578 475 arbor
609 439 793 485 sylvestris
826 439 1007 484 reperitur
1039 439 1074 474 in
1102 440 1222 474 horto.

54 501 141 537 Dicit
169 512 277 547 ergo:
307 503 382 536 ‚Von
416 500 587 544 part-ebbe
610 501 671 544 poc?
697 500 901 541 meravigslia
932 500 968 533 (Ii
1003 493 1049 542 lc),
1086 498 1221 534 scilicet

55 562 90 596 in
110 561 246 596 mundo
275 564 408 605 nostro,
427 561 520 595 ndito
547 563 675 603 questo,
695 558 827 594 scilicet
846 558 942 602 quod
966 561 1064 594 terra
1092 569 1156 604 per
1182 568 1222 594 se

55 621 229 666 concipiat
259 621 334 656 sine
360 619 509 664 semine,
529 620 669 663 quando
694 620 820 653 alcuna
835 619 970 661 μ’ῑαηία,
992 617 1093 662 idest,
1113 618 1224 653 arbor

56 681 209 725 novella,
239 682 271 714 ri
295 680 503 724 s'appiylae'a,
531 679 632 723 idest,
659 677 811 723 pullulat
838 676 897 720 ibi,
916 687 1023 711 senza
1049 687 1139 711 seme
1151 687 1222 720 pa-

55 742 133 784 lese,
166 739 266 783 idest,
300 738 500 783 manifesto,
531 737 626 783 quod
660 740 824 783 patenter
855 739 1038 782 appareat,
1070 736 1115 771 de
1149 746 1222 780 quo

56 799 220 835 homines
246 798 437 843 mirantur,
467 798 674 844 ignorantes
700 805 861 840 causam,
882 795 943 830 sed
965 795 1087 830 audita
1112 804 1220 830 causa

57 870 128 894 non
156 859 398 901 mirarentur3
426 861 459 893 et
483 857 531 892 ita
559 861 596 891 tu
624 856 745 891 audita
774 865 883 890 causa
915 865 988 890 non
1018 854 1127 890 (lebes
1154 854 1224 889 mi-

56 918 127 954 rari
155 918 182 953 si
211 921 341 953 ventus
368 917 442 952 sive
471 920 591 951 motus
625 916 720 951 aeris
751 919 804 950 est
835 924 945 949 causa
977 913 1221 960 generationis

54 978 242 1013 arborum.
272 977 313 1011 Et
339 976 519 1011 concludit.
547 978 725 1020 quantum
753 974 798 1009 ad
824 975 892 1009 hoc
915 973 1003 1008 dans
1022 983 1138 1007 unum
1159 983 1222 1007 no—

55 1037 174 1081 tabile,
202 1036 342 1071 dicens:
371 1046 388 1069 e
413 1045 518 1079 saper
544 1036 599 1069 dei
625 1035 682 1068 che
709 1035 743 1067 Ia
770 1043 968 1077 campafflza
985 1037 1100 1075 santa„
1121 1032 1222 1076 idest,

57 1098 122 1132 ista
149 1101 248 1132 terra
274 1096 380 1142 plana
406 1095 521 1130 multo
541 1094 690 1130 fertilior
709 1103 821 1138 quam
840 1093 1036 1138 Campania
1060 1102 1223 1135 romana,

57 1168 118 1192 ove
145 1160 178 1191 [ιι
203 1154 275 1191 se'e'
296 1157 399 1200 piena
425 1156 458 1190 α’
473 1156 556 1198 09m'
572 1164 746 1197 semensa,
766 1153 850 1198 quia
870 1153 1001 1188 scilicet
1021 1153 1056 1187 in
1079 1162 1122 1187 ea
1142 1155 1226 1186 sunt

58 1216 223 1263 germina
250 1215 415 1251 omnium
443 1215 630 1257 arborum,
656 1213 755 1256 idest,
776 1212 953 1247 virtutum
982 1215 1018 1247 et
1044 1211 1226 1246 virtuosa—

60 1286 143 1311 rum
170 1275 434 1321 operastonum,
464 1278 494 1309 et
518 1275 563 1307 ha
587 1275 695 1318 srutto
723 1274 756 1306 in
777 1283 812 1306 se
834 1273 892 1306 elce
919 1281 988 1305 non
1014 1273 1044 1305 si
1068 1272 1225 1305 solemma

59 1337 94 1370 di
121 1330 168 1379 ld,
196 1335 296 1379 idest,
324 1335 385 1379 qui
413 1344 485 1369 non
511 1333 673 1378 carpitur
700 1335 734 1367 et
761 1331 940 1377 colligitur
970 1330 1005 1364 in
1022 1327 1056 1374 U)
1088 1330 1225 1365 mundo

60 1398 181 1430 vestro
208 1394 302 1429 inter
324 1397 374 1428 tot
397 1393 632 1428 turbationes.
656 1391 806 1426 Felicior
826 1390 921 1425 enim
942 1393 994 1425 est
1015 1390 1154 1425 fructus
1173 1390 1226 1425 la-

60 1454 219 1489 borantis
246 1454 314 1487 sub
342 1453 486 1497 virtute⁷
515 1462 626 1497 quam
655 1451 850 1486 laborantis
877 1450 944 1484 sub
972 1450 1127 1484 fortuna.

135 1515 302 1557 L'acqua.
323 1514 390 1547 Ista
418 1516 472 1547 est
499 1515 628 1556 quarta
657 1515 692 1546 et
720 1510 846 1545 ultima
864 1505 899 1553 (25,
922 1510 1098 1555 particula
1118 1519 1229 1555 gene-

64 1573 155 1617 ralis,
175 1573 210 1607 in
233 1582 305 1617 qua
330 1571 523 1615 comitissa,
541 1575 685 1606 ostenso
709 1569 804 1604 unde
823 1569 940 1604 oritur
958 1572 1088 1604 ventus
1108 1569 1142 1602 in
1164 1579 1229 1613 pa—

63 1632 179 1668 radiso
201 1631 425 1675 deliciarum,
445 1641 541 1666 nunc
561 1633 828 1675 consequenter
848 1628 1039 1674 respondet
1057 1628 1102 1664 de
1119 1638 1228 1673 aqua,

61 1691 253 1727 ostendens
280 1691 376 1736 quod
404 1691 469 1725 ista
496 1700 591 1735 aqua
620 1689 839 1724 transcendit
866 1691 1034 1723 naturam
1063 1688 1227 1723 omnium

62 1762 244 1797 aquarum
285 1751 566 1794 mundanarum
604 1750 716 1784 immo
751 1752 804 1784 est
840 1747 1074 1783 immutabilis
1108 1751 1144 1783 et
1175 1747 1229 1782 in-

64 1810 254 1846 variabilis.
283 1810 381 1844 Unde
408 1810 512 1844 dicit:
542 1811 576 1843 L'
588 1819 699 1852 acqua
734 1810 792 1843 che
819 1809 906 1851 veen,
933 1811 1006 1842 tam
1034 1818 1165 1852 puram
1194 1811 1229 1842 et

64 1870 219 1905 lucidam
248 1870 315 1904 sub
341 1869 454 1904 oculis
482 1869 573 1913 tuis;
601 1872 680 1903 erat
707 1868 803 1903 enim
832 1871 936 1912 poeta
966 1871 1051 1902 tunc
1082 1868 1117 1901 in
1153 1867 1228 1912 ripa

65 1930 220 1965 fluminis
248 1929 390 1973 Letlisei‚
419 1939 488 1962 mm
514 1939 617 1971 εον-99
643 1929 679 1962 di
706 1938 805 1971 vena,
841 1927 934 1962 sicut
962 1930 1091 1961 vestrae
1123 1936 1230 1970 aquae

65 1990 252 2025 inferiores
280 1999 343 2034 per
370 1989 627 2023 subterraneos
656 1990 797 2021 meatus
824 1997 845 2022 a
873 1986 976 2021 mari.
1005 1986 1104 2021 Sicut
1132 1986 1227 2021 enim

65 2051 100 2085 in
127 2049 339 2095 corporibus
372 2048 502 2083 nostris
536 2047 683 2093 sanguis
717 2046 914 2081 ell'unslitur
948 2057 969 2081 a
1003 2056 1106 2090 vena,
1136 2046 1182 2080 ita
1210 2056 1230 2080 a

65 2110 164 2145 venis
190 2112 298 2144 terrae
326 2108 425 2143 rivus
453 2111 488 2143 et
515 2108 650 2142 flumen
678 2106 892 2151 effunditur,
911 2107 981 2148 ctae,
1002 2105 1101 2150 idest7
1121 2115 1230 2150 quam

66 2179 207 2212 venam,
226 2169 347 2202 rislorz'
365 2178 488 2211 vapor,
508 2167 607 2209 idest,
629 2165 794 2201 restituat
814 2166 939 2210 nubes,
955 2166 1012 2199 che
1026 2167 1049 2199 'l
1065 2167 1132 2209 yzssel
1149 2175 1232 2199 con-

146 2262 153 2289 )
172 2260 200 2283 E.
220 2260 244 2283 in
263 2260 357 2283 mundo
375 2263 460 2283 vestro
478 2261 544 2283 inter
562 2262 599 2283 tol
618 2259 803 2287 tribulationes,
822 2259 895 2282 aliter
914 2259 1079 2282 turbationes.

147 2301 153 2325 J
171 2298 199 2321 E.
218 2298 307 2321 ultima
326 2305 382 2328 pars
400 2298 527 2327 generalis
544 2298 620 2321 huius
636 2297 750 2327 capituli,
769 2297 792 2320 in
811 2303 869 2327 qua.

199 2350 234 2370 IV.
1076 2349 1101 2368 12

127 2261 142 2288 (l

128 2298 145 2321 (¹
