1766 2856
486 235 555 267 488
879 237 1084 263 COMENTUM
1110 236 1277 261 PAnAmffl

484 308 740 360 mag-nificae(⁴)
768 310 966 357 potestatiS,
995 320 1106 355 quam
1143 309 1358 356 expectabat
1389 309 1425 344 in
1463 309 1600 344 inundo
1633 309 1662 344 si

482 385 555 410 non
583 373 707 408 suisset
734 374 855 406 morte
880 373 1102 416 praeventus.
1124 370 1164 405 Et
1183 370 1302 416 primo
1323 369 1494 406 describit
1516 369 1666 416 provin-

482 435 587 478 ciam,
617 442 700 477 quae
727 431 915 477 spectabat
941 431 987 466 ad
1014 441 1115 476 eum,
1135 431 1220 476 quia
1247 430 1366 476 primo
1387 430 1507 466 fuerat
1529 430 1588 466 avi
1608 430 1664 466 sui

481 493 599 530 Caroli
626 493 639 527 I
672 503 718 528 ex
746 492 959 528 haereditate
986 491 1194 538 Raymundi
1228 491 1451 538 Berengerii,
1480 495 1521 526 ut
1548 491 1665 537 patuit

482 564 593 599 supra
621 553 780 599 capitulo
800 553 844 587 VI
863 552 899 587 in
919 552 1000 588 fine.
1021 552 1111 587 Dicit
1133 562 1242 598 ergo:
1268 553 1388 594 (mella
1405 553 1549 587 sinistra
1570 553 1664 596 riva,

481 615 582 659 idest,
611 613 799 660 provincia
826 613 916 648 citra
947 613 1178 657 Rhodanum,
1198 614 1256 648 clze
1277 615 1308 648 st
1329 614 1410 648 lava
1438 614 1475 648 cli
1500 614 1664 656 Rodano,

483 675 592 710 fluvio
622 674 870 720 rapacissimo,
893 675 956 718 pot
981 674 1031 708 clt'
1046 671 1065 708 e*
1090 675 1189 708 misto
1208 684 1273 708 con
1295 676 1424 717 sor-qa,
1444 673 1547 719 idest,
1567 676 1665 719 post-

483 746 596 781 quam
624 734 752 781 Sorgia
773 734 904 769 fluvius
924 734 1143 779 purissimus
1161 733 1385 769 admiscetur
1404 733 1469 779 ipsi
1488 733 1664 769 Rhodano
1711 722 1719 730 ⁴

481 797 578 842 apud
606 796 834 840 Avinionem,
857 794 963 830 cuius
982 794 1061 830 sons
1081 797 1134 830 est
1154 794 1364 829 notissimus
1386 794 1514 830 diebus
1533 794 1666 830 nostris

481 856 676 903 potissime,
704 855 790 900 quia
820 854 1038 891 novissimus
1058 858 1165 901 poeta
1184 855 1383 890 Petrarcha
1403 855 1451 890 ibi
1470 854 1532 890 diu
1551 865 1663 890 suum

480 917 641 952 studium
671 916 753 952 fecit
781 919 816 951 et
848 926 1020 962 magnam
1049 918 1191 961 partem
1220 915 1399 951 librorum
1423 926 1600 961 suorum,
1619 914 1665 951 de

480 988 552 1023 quo
581 977 656 1022 ipse
682 977 784 1012 dicit:
813 977 943 1020 Sorffl'a
970 987 1039 1011 reae
1062 978 1211 1022 fontium
1239 979 1320 1022 eto,
1338 987 1407 1021 per
1433 987 1495 1012 suo
1522 977 1666 1020 signore

480 1050 501 1073 α
529 1042 640 1083 tempo
668 1039 916 1082 mv'czspellaca,
953 1037 980 1072 si
1014 1037 1299 1083 supervixissem
1335 1037 1427 1083 patri
1464 1039 1668 1072 meo—E

481 1100 566 1145 quel.
595 1098 659 1133 Hic
687 1098 840 1133 Carolus
867 1097 1037 1133 describit
1064 1097 1268 1133 secundum
1290 1108 1447 1144 regnum
1473 1097 1664 1144 proprium

481 1159 603 1206 patris,
634 1158 732 1204 quod
773 1158 987 1204 expectabat
1030 1158 1177 1193 habere.
1218 1158 1260 1192 Et
1299 1158 1344 1193 ad
1389 1158 1662 1204 intelligendam

482 1221 587 1256 istam
622 1219 766 1254 literam
804 1221 948 1264 oportet
985 1218 1086 1264 prius
1126 1218 1220 1253 scire
1255 1218 1353 1263 quod
1393 1218 1503 1263 ltalia,
1537 1218 1664 1265 regina

483 1291 695 1327 regnorum,
716 1283 770 1315 est
798 1280 906 1326 longa
934 1283 969 1315 et
997 1279 1119 1315 stricta
1147 1279 1182 1314 in
1212 1279 1364 1315 modum
1392 1280 1506 1325 navis,
1526 1283 1561 1315 et
1589 1283 1664 1315 tota

481 1341 610 1386 insula,
639 1344 888 1387 praeterquam
917 1351 963 1376 ex
992 1351 1065 1375 una
1093 1343 1208 1386 parte.
1240 1340 1332 1375 Nam
1364 1350 1386 1375 a
1420 1339 1573 1376 meridie
1599 1350 1665 1386 per

480 1402 632 1448 longum
665 1401 775 1437 habet
807 1410 910 1436 mare
948 1401 1180 1447 tJrrlienum,
1212 1411 1232 1436 a
1266 1401 1529 1447 septemtrione
1562 1411 1665 1437 mare

479 1462 709 1507 adriaticum,
730 1462 776 1497 ab
802 1461 945 1497 oriente
966 1462 1124 1507 pharum
1145 1471 1392 1507 messanense,
1412 1462 1457 1497 ab
1477 1462 1666 1498 occidente

478 1527 604 1559 autem
633 1523 816 1558 clauditur
843 1522 924 1558 altis
946 1521 1144 1566 montibus,
1165 1522 1227 1567 qui
1249 1522 1414 1557 dividunt
1436 1533 1518 1558 eam
1538 1534 1559 1558 a
1581 1522 1666 1558 Gal-

480 1583 526 1618 lia
553 1587 589 1618 et
615 1583 831 1618 Germania:
861 1586 895 1618 et
924 1586 963 1617 ut
991 1582 1062 1617 cito
1088 1582 1219 1627 dicam,
1243 1585 1297 1618 est
1324 1582 1449 1618 similis
1478 1583 1573 1619 tibiae
1599 1583 1666 1618 ho-

482 1643 587 1677 minis
614 1654 699 1678 cum
728 1647 805 1678 tota
824 1654 915 1678 coxa
936 1646 971 1678 ct
991 1642 1092 1688 pede.
1113 1643 1204 1677 Nam
1225 1653 1318 1677 coxa
1336 1653 1465 1689 grossa
1483 1648 1538 1679 est
1556 1644 1666 1680 Lom-

481 1703 618 1748 bardia,
649 1714 781 1750 magna
809 1707 844 1739 et
872 1706 999 1749 potens
1028 1702 1234 1748 provinciag
1255 1703 1385 1738 deinde
1405 1704 1546 1749 Tuscia,
1566 1704 1665 1741 unde

482 1763 599 1799 Roma
626 1766 680 1798 est
708 1763 741 1798 in
769 1774 867 1810 genu
896 1763 998 1798 istius
1018 1763 1138 1808 ltaliae,
1159 1766 1194 1798 ct
1217 1763 1264 1798 ita
1287 1763 1475 1809 paullatim
1499 1764 1665 1800 extendi-

484 1827 543 1858 tur
570 1827 605 1859 et
633 1827 865 1859 extenuatur.
896 1823 999 1859 Modo
1026 1824 1071 1859 ad
1091 1823 1342 1869 propositum:
1364 1834 1520 1871 regnum
1545 1825 1663 1861 Caroli

481 1884 641 1920 continet
673 1885 906 1920 medietatem
924 1880 959 1928 (²)
991 1884 1101 1919 Italiae
1136 1894 1265 1919 versus
1296 1884 1489 1931 orientem,
1526 1886 1664 1922 habens

482 1945 517 1980 in
549 1955 588 1980 se
619 1945 869 1991 Campaniam,
898 1945 958 1980 ubi
992 1948 1046 1980 cst
1077 1945 1244 1991 Neapolis
1277 1945 1381 1981 sedes
1418 1947 1533 1993 regui,
1566 1947 1664 1993 Apu-

481 2007 578 2051 liam,
607 2006 810 2051 Samnium,
839 2005 1060 2051 Calabriam,
1093 2009 1129 2041 et
1162 2006 1295 2042 multas
1325 2007 1413 2042 alias
1446 2007 1661 2053 provincias,

481 2077 571 2112 quas
600 2077 697 2102 nunc
731 2066 902 2102 describit
937 2077 958 2102 a
994 2066 1217 2112 quibusdam
1246 2067 1351 2102 terris
1384 2070 1418 2102 et
1451 2068 1663 2104 fluminibus

481 2127 737 2163 confinalibus:
767 2130 803 2163 et
830 2126 1038 2163 continetur
1067 2127 1162 2175 istud
1190 2137 1348 2174 regnum
1379 2127 1448 2163 sub
1476 2128 1582 2164 titulo
1609 2128 1664 2165 Si-

481 2187 581 2222 ciliae.
610 2188 714 2222 Nunc
733 2188 778 2223 ad
798 2188 961 2224 literam:
983 2187 1068 2223 dicit
1089 2188 1261 2224 Carolus:
1282 2191 1313 2223 E
1329 2190 1408 2232 quel
1423 2199 1532 2224 corno
1554 2191 1663 2225 d’Au-

545 2316 570 2346 (¹)
590 2316 618 2339 E.
637 2323 651 2340 e
672 2319 691 2344 t,
709 2323 817 2347 magnae.
1073 2318 1098 2347 (²)
1115 2319 1145 2342 E.
1162 2325 1177 2342 e
1196 2321 1218 2347 t,
1236 2319 1308 2349 quasi
1326 2319 1500 2343 medietatem.
