1766 2856
483 258 552 290 420
877 260 1080 286 COMENTUM
1109 260 1273 285 PARADISI

482 337 591 372 nebat
612 344 767 381 regnum
789 329 1046 378 romanumffl),
1061 333 1220 369 sentiens
1238 333 1482 369 Justinianum
1502 334 1568 370 sibi
1587 335 1661 370 ira-

483 401 561 432 tum
589 395 682 429 misit
710 393 905 440 Agabitum
936 404 1066 439 papam
1101 393 1146 428 ad
1177 393 1296 439 ipsum
1331 394 1561 440 placandum,
1596 395 1662 441 qui

482 455 603 490 habita
630 464 755 490 secum
785 453 976 489 collatione
1003 453 1048 489 de
1076 453 1144 489 fide
1172 453 1307 499 reperit
1337 454 1456 499 ipsum
1484 455 1518 489 in
1546 465 1660 501 pravo

484 525 624 560 errore,
639 514 725 560 quia
739 513 911 550 credebat
925 509 960 558 3)
976 514 1160 549 Christum
1177 525 1312 560 purum
1331 515 1516 550 hominem
1537 515 1659 561 fuisse,

481 585 567 610 cum
584 585 658 620 quo
674 573 799 609 habuit
817 574 948 609 duram
968 573 1262 618 contentionem,
1282 577 1317 610 et
1337 574 1537 610 Justiniano
1557 585 1661 611 com-

481 634 643 669 minante
670 634 735 669 sibi
763 637 908 669 sanctus
935 634 1095 679 pontifex
1122 644 1207 669 cum
1229 644 1362 680 magna
1385 635 1586 670 constantia
1604 635 1660 670 in—

483 695 621 741 trepide
639 694 746 729 dixit:
767 695 842 741 Ego
861 694 906 729 ad
925 694 1168 729 Justinianum
1186 694 1526 730 christianissimum
1543 695 1660 741 impe-

485 758 644 790 ratorem
667 754 792 789 venire
814 754 949 800 putavi,
973 757 1008 789 et
1035 753 1300 790 Diocletianum
1331 754 1461 790 inveni.
1486 755 1660 800 Tandem,

483 815 627 850 volente
649 814 734 859 Deo,
755 814 979 849 Justinianus
1002 824 1086 849 cum
1109 814 1232 849 multis
1250 814 1312 859 qui
1332 825 1456 850 secum
1473 815 1661 860 errabant,

482 876 526 911 ad
546 874 807 910 consessionem
829 884 926 910 verae
947 874 1027 910 fidei
1049 874 1187 910 redivit.
1208 875 1288 917 Quo
1307 875 1401 910 sacto
1417 875 1594 921 Agabitus
1613 875 1659 911 ibi

484 934 636 971 reddidit
650 934 809 969 animam
826 935 913 980 Deo,
930 934 964 969 in
980 935 1085 970 cuius
1100 935 1223 970 locum
1238 936 1375 971 electus
1391 939 1444 971 est
1458 946 1550 982 papa
1562 935 1662 982 Vigi-

483 996 562 1040 lius,
584 995 645 1040 qui
674 995 793 1030 suerat
821 995 986 1040 clericus,
1007 996 1187 1031 Eleuterae
1210 996 1336 1031 uxoris
1361 996 1540 1042 principis.
1569 996 1659 1033 Dicit

482 1066 572 1102 ergo
599 1055 841 1090 Justinianus:
871 1057 930 1089 ‚ila
952 1057 1071 1100 [η-ῖηια
1100 1057 1149 1090 ι·Ιι’
1165 1058 1197 1090 io
1224 1057 1383 1101 all'opra
1407 1059 1495 1102 sossi
1520 1060 1660 1100 attento,

484 1116 583 1160 idest,
604 1119 801 1160 antequam
821 1116 948 1151 darem
968 1126 1119 1162 operam
1149 1116 1399 1152 reformationi
1427 1118 1563 1163 legum,
1583 1128 1661 1152 cre-

483 1177 569 1211 deca
586 1186 654 1211 ema
669 1180 810 1220 nalum,
827 1176 971 1221 scilicet,
987 1177 1199 1221 humanam,
1215 1188 1285 1212 non.
1298 1178 1389 1221 piae,
1405 1177 1550 1222 scilicet,
1569 1177 1660 1213 divi-

484 1247 581 1281 nam,
602 1248 713 1271 essere
733 1238 764 1271 in
789 1238 912 1279 Crism,
935 1236 1040 1272 cuius
1059 1237 1285 1272 contrarium
1308 1237 1484 1282 probatur
1503 1237 1660 1282 capitulo

482 1297 660 1342 sequenti,
683 1308 700 1331 e
726 1298 762 1331 (1ιῖ
788 1298 837 1331 {al
859 1298 950 1342 fede,
970 1296 1105 1332 scilicet
1124 1300 1197 1332 tam
1219 1307 1387 1342 erronea,
1406 1308 1468 1331 era
1491 1301 1660 1341 conteneo,

482 1357 548 1392 iste
575 1356 671 1392 enim
700 1357 766 1391 suit
793 1367 898 1392 error
925 1356 1071 1401 liuticis,
1099 1360 1226 1392 contra
1245 1367 1356 1402 quem
1384 1356 1542 1402 disputat
1568 1357 1662 1393 Boe-

483 1417 565 1462 tius,
594 1428 650 1451 ma
679 1419 703 1452 il
736 1418 907 1451 henea'ello
936 1417 1094 1461 .-19abe‘l0‚
1120 1420 1223 1462 pater
1247 1421 1394 1452 sanctus
1421 1417 1509 1453 civis
1537 1428 1661 1453 roma-

485 1488 563 1522 nuS,
584 1479 641 1512 che
656 1480 715 1523 sne
732 1488 865 1512 sommo
881 1481 1036 1522 pastore,
1053 1479 1124 1512 alla
1141 1479 1219 1522 fede
1237 1479 1386 1523 sincera,
1406 1478 1551 1523 scilicet,
1567 1478 1663 1513 chri-

486 1538 623 1583 stianae,
643 1549 725 1583 qua:
748 1537 896 1573 estsine
917 1538 1072 1582 macula,
1102 1539 1148 1572 mi
1174 1534 1322 1582 (Urias),
1346 1538 1380 1573 in
1401 1549 1527 1574 veram
1550 1538 1661 1583 viam,

482 1609 545 1632 con
575 1600 604 1633 le
627 1600 753 1642 parole
773 1609 841 1641 sue,
860 1608 942 1642 quse
963 1598 1112 1632 suerunt
1132 1598 1290 1632 multum
1318 1598 1492 1634 efficacia.
1513 1599 1556 1633 Et
1575 1598 1663 1634 sub-

483 1657 532 1693 dit
560 1658 731 1693 effectum
764 1658 964 1693 xerborum
992 1658 1070 1693 eius
1085 1653 1133 1702 (3),
1161 1657 1302 1692 dicens:
1333 1660 1364 1692 io
1391 1660 1440 1701 yli
1465 1660 1617 1702 creclelli,
1645 1670 1662 1693 e

486 1720 604 1763 ceyffl‘o
631 1729 698 1753 ora
725 1719 859 1761 chem-0,
888 1718 988 1762 idest,
1013 1727 1109 1752 nuuc
1130 1717 1163 1752 in
1183 1718 1286 1762 coelo,
1306 1714 1358 1753 eid
1377 1720 1436 1753 elie
1452 1720 1482 1753 ἠ
1502 1730 1567 1753 sua
1582 1720 1661 1764 sede

482 1790 558 1823 era,
577 1779 679 1824 quasi
699 1779 803 1823 dicat,
820 1777 991 1824 quicquid
1012 1777 1181 1813 tenebam
1205 1778 1249 1813 de
1269 1778 1337 1813 tide
1359 1789 1424 1824 per
1443 1779 1557 1814 solam
1579 1788 1662 1814 cre-

482 1839 685 1883 dulitatem,
706 1849 801 1873 nunc
821 1838 925 1873 video
945 1848 1008 1883 per
1028 1837 1283 1873 certitudinem
1309 1838 1355 1874 ita
1376 1838 1485 1884 clare,
1505 1839 1598 1874 sicut
1621 1841 1660 1874 tu

482 1900 671 1946 cognoscis
690 1899 848 1944 aliquam
872 1909 949 1933 rem
974 1899 1030 1933 vel
1054 1898 1325 1934 conclusionem
1346 1898 1381 1933 in
1409 1902 1471 1935 tua
1491 1898 1660 1944 scientia;

485 1960 580 1996 unde
594 1960 698 1995 dicit:
713 1956 741 1994 sl
756 1970 850 1994 come
864 1963 897 1994 ln
915 1960 989 1994 redi
1003 1961 1087 2002 ogni
1104 1960 1368 1994 contradizione
1381 1970 1399 1994 e
1409 1961 1504 2004 salsa
1519 1970 1536 1994 e
1553 1970 1637 1994 vera
1647 1972 1661 2003 ,·

484 2021 567 2066 quia
588 2021 706 2055 omnis
725 2019 960 2055 contradictio
980 2019 1089 2055 habet
1109 2019 1142 2054 in
1162 2030 1201 2054 se
1217 2019 1422 2055 necessario
1443 2030 1553 2054 unam
1576 2028 1661 2064 par-

484 2084 557 2116 tem
587 2091 726 2125 veram,
748 2080 901 2115 alteram
922 2079 1069 2124 falsam3
1092 2079 1187 2115 unde
1211 2080 1266 2115 lex
1294 2079 1660 2114 contradictoriarum

484 2144 537 2177 est
558 2141 655 2186 quod
674 2141 701 2175 si
723 2152 794 2176 una
816 2144 870 2176 est
889 2150 988 2185 vera,
1010 2139 1150 2185 reliqua
1173 2143 1226 2175 est
1250 2139 1347 2185 salsa,
1367 2139 1462 2174 sicut
1480 2140 1577 2175 Deus
1595 2143 1661 2184 est,

484 2201 581 2236 Deus
610 2211 680 2235 non
708 2206 772 2245 cst,
802 2211 867 2236 nec
895 2204 947 2236 est
975 2200 1063 2235 (lare
1086 2199 1260 2235 medium.
1277 2220 1324 2224 —
1344 2202 1454 2234 Toslo.
1474 2200 1578 2235 Nunc
1597 2200 1662 2234 Ju-

545 2294 572 2321 (¹)
590 2293 619 2315 E.
640 2300 817 2317 romanorum.
893 2293 920 2322 (Ἰ)
938 2294 967 2317 E.
986 2293 1107 2317 credebat
1126 2294 1264 2317 Dominum
1282 2295 1399 2316 nostrum
1418 2293 1506 2316 Jesum
1523 2292 1661 2316 Christum.

547 2331 573 2360 (⁸)
592 2331 620 2354 Ε.
639 2331 715 2354 illius.
