1737 2836
465 263 601 289 CANTcs
627 262 850 288 Tnlosssnstsss.
1174 256 1239 286 211

76 336 210 371 vocatis
237 336 361 371 ricinis
389 346 472 371 cum
495 335 711 370 dominabus
733 344 874 379 eorum,
895 334 1028 369 Dantes
1050 337 1135 368 tunc
1155 343 1244 378 pue-

77 396 178 431 rulus
206 406 337 431 novem
364 405 544 431 annorum
579 398 726 430 secutus
758 398 898 439 patrem
932 403 1040 428 suum
1074 392 1244 439 Aldighe-

75 455 182 500 rium,
204 455 265 500 qui
280 459 358 490 erat
374 465 468 489 unus
494 454 538 489 de
564 464 718 488 numero
737 454 988 497 convivarum,
1009 452 1095 487 vidit
1113 463 1134 488 a
1154 463 1241 488 casu

74 514 168 550 inter
200 514 287 550 alias
318 514 454 560 puellas
490 513 688 559 puellulam
721 512 829 547 filiam
867 513 1003 558 praefati
1039 512 1149 557 Fulci,
1185 511 1243 547 cui

76 584 208 610 nomen
236 578 313 610 erat
342 574 498 618 Beatrix,
518 573 631 608 aetatis
652 575 734 608 octo
761 582 955 616 annorum,
984 572 1086 607 mirae
1109 571 1244 618 pulcri-

75 633 217 679 tudinis,
246 634 307 670 sed
335 634 480 669 maioris
507 632 718 677 honestatis3
747 642 829 677 quae
856 632 976 667 subito
1004 631 1151 667 intravit
1178 642 1241 668 cor

75 693 163 738 eius,
193 694 239 728 ita
267 693 364 738 quod
391 703 593 738 numquam
617 695 738 738 postea
759 691 906 726 recessit
921 687 957 735 (¹)
985 691 1030 725 ab
1058 701 1102 727 eo
1129 691 1243 727 donee

75 753 132 789 illa
162 753 260 798 vixit,
287 754 362 788 sive
389 764 433 788 ex
462 752 715 788 conformitate
747 751 1006 797 complexionis
1026 754 1060 786 et
1084 761 1243 796 morum,

73 813 149 848 sive
176 823 221 848 ex
249 813 422 859 singulari
448 812 633 847 influentia
660 811 751 846 coeli.
775 811 920 846 Etcum
939 813 1046 845 aetate
1068 811 1242 846 continuo

74 872 318 918 multiplicatae
337 876 420 907 sunt
439 882 617 907 amorosae
641 871 815 915 ssammae;
835 880 879 905 ex
899 880 972 914 quo
994 870 1126 905 Dantes
1145 874 1242 905 totus

73 932 214 968 deditus
241 933 288 967 illi
316 941 552 978 quocumque
581 931 647 966 iret
674 930 850 976 pergebat
883 929 1034 964 credens
1066 929 1102 964 in
1129 930 1243 965 oculis

72 993 151 1028 eius
178 992 301 1028 ridere
328 1002 511 1027 summam
539 991 756 1034 felicitatem,
779 1000 842 1035 per
861 1000 973 1034 quam
991 985 1025 1033 <²3
1051 989 1243 1035 lacrymas,

73 1052 210 1098 vigilias
237 1055 272 1087 et
299 1051 452 1086 infinitas
481 1050 560 1085 tulit
587 1060 729 1096 poenas3
757 1052 879 1084 tamen
908 1048 964 1083 hie
995 1059 1100 1083 amor
1132 1049 1244 1084 hone-

73 1111 252 1147 stissimus
279 1121 422 1156 semper
451 1110 527 1155 fuit,
556 1113 595 1144 ut
613 1105 647 1153 5¹³)
677 1119 880 1153 numquam
909 1108 1075 1153 apparuit
1098 1108 1243 1154 signum

74 1171 249 1206 libidinosi
268 1174 371 1205 actus
390 1170 425 1204 in
443 1173 589 1204 amante
608 1169 665 1204 vel
684 1171 816 1203 amata.
838 1167 911 1202 Hoc
930 1170 1054 1202 autem
1079 1167 1144 1202 fuit
1163 1178 1244 1203 cer-

75 1230 254 1265 tissimum
278 1230 550 1277 prognosticum
567 1232 602 1264 et
626 1228 824 1275 augurium
843 1227 954 1262 futuri
970 1227 1117 1272 amoris,
1133 1238 1243 1273 quem

76 1290 266 1326 habiturus
294 1293 372 1325 erat
399 1289 443 1325 ad
473 1299 642 1336 magnam
663 1287 865 1323 Beatricem
893 1296 1047 1331 sacram,
1067 1286 1111 1322 ad
1131 1298 1242 1332 quam

74 1354 154 1386 erat
181 1360 316 1396 pronus
343 1361 363 1385 a
392 1352 534 1384 natura.
564 1349 615 1383 Ex
644 1347 696 1382 his
724 1351 824 1393 potes
852 1346 986 1391 videre,
1014 1346 1110 1391 quod
1138 1351 1244 1392 poeta

73 1410 193 1455 aliqua
221 1410 304 1445 dicit
332 1410 511 1453 historice,
534 1408 655 1453 aliqua
680 1407 875 1453 allegorice
902 1406 946 1442 de
974 1407 1139 1442 Beatrice
1166 1418 1243 1442 sua.

74 1469 177 1504 Nunc
192 1469 236 1504 ad
252 1469 407 1513 literam,
422 1468 505 1504 dicit
524 1471 648 1513 poeta:
670 1470 701 1502 E
716 1468 749 1501 Io
767 1468 888 1511 spirito
908 1468 989 1510 mio,
1005 1467 1149 1512 scilicet,
1165 1477 1246 1512 spe-

73 1529 206 1565 culatio
234 1539 327 1573 mea,
362 1529 421 1563 che
445 1523 505 1572 yid
532 1531 668 1562 commo
696 1531 819 1571 tempe,
853 1526 937 1571 quia
962 1527 1038 1571 J'am
1071 1526 1146 1562 fere
1179 1537 1244 1573 per

73 1588 301 1632 decennium,
330 1591 370 1623 ut
396 1587 537 1623 (licetur
564 1590 699 1633 postea,
718 1597 781 1620 era
799 1589 887 1620 stato
910 1587 959 1620 ch’
975 1587 1047 1620 alla
1074 1597 1137 1621 sua
1158 1597 1245 1630 pre-

73 1650 206 1692 semia,
234 1658 319 1683 cum
347 1647 525 1683 desiderio
553 1645 736 1682 revidendi
769 1656 864 1691 eam,
892 1656 960 1681 non
995 1656 1058 1680 era
1089 1648 1244 1690 afframo

73 1710 121 1744 da
146 1712 297 1753 stupore,
325 1707 414 1742 idest
440 1710 605 1742 remotus
631 1706 677 1741 ab
703 1705 954 1741 admiratione.
983 1705 1084 1741 Unde
1111 1705 1242 1750 subdit,

75 1769 171 1815 quod
198 1768 264 1803 ista
291 1767 407 1814 prima
433 1767 586 1812 parvula
614 1766 702 1801 visio
724 1765 928 1812 penetravit
949 1768 1058 1801 acute
1085 1776 1245 1812 praecor-

75 1828 132 1863 dia
159 1828 247 1871 eius,
275 1827 414 1862 dicens:
442 1822 526 1861 sent}
557 1827 592 1860 la
618 1836 711 1869 yram
737 1827 902 1870 potamia
934 1827 1095 1860 (I’antico
1128 1836 1243 1869 amor,

77 1887 177 1922 istius
203 1886 383 1930 mulieris;
410 1896 514 1921 amor
541 1885 638 1921 enim
673 1895 730 1921 res
761 1885 1008 1931 potentissima
1035 1889 1088 1921 est
1116 1886 1244 1931 praeci-

76 1957 146 1993 pue
172 1946 390 1991 antiquatus,
416 1956 481 1990 per
506 1946 638 1979 occulta
667 1943 761 1980 vert&
786 1946 844 1979 olle
871 1946 918 1979 da
937 1946 979 1979 lei
998 1955 1120 1988 mosse,
1140 1945 1242 1990 idest,

75 2006 120 2042 ab
148 2016 191 2042 ea
218 2005 407 2051 processit3
428 2008 463 2040 et
486 2014 573 2040 vere
591 2004 732 2040 occulta
755 2004 869 2039 virtus
895 2007 930 2039 et
956 2003 1063 2050 digna
1083 2004 1244 2041 admira-

77 2066 173 2102 tione
204 2076 336 2112 magna
369 2064 445 2109 suit,
465 2064 562 2110 quod
594 2074 685 2110 puer
713 2063 830 2109 primo
849 2067 1044 2110 conspectu
1067 2059 1241 2110 puellae(⁴)

204 2218 209 2224 .
227 2202 331 2224 recessit
348 2208 361 2224 a
379 2202 456 2225 corde
473 2208 519 2225 suo
537 2201 626 2225 donec.

204 2257 209 2262 .
228 2246 274 2269 pro
291 2247 340 2270 qua
357 2240 509 2270 lacrymam,
529 2240 634 2269 vigilias.

199 2280 224 2300 ¹7
242 2284 256 2301 c
274 2278 303 2300 L.
321 2278 383 2301 adeo
401 2281 429 2301 ut
447 2285 587 2308 numquam
605 2277 759 2308 apparuerit.

200 2318 234 2343 17,
253 2315 381 2345 puellulae.
