1737 2836
494 225 630 251 eAxTus
656 226 798 251 mimus.
1162 221 1230 252 295

63 298 237 344 recipiens
265 298 361 343 quod
389 297 663 333 diversificatur.
692 298 770 333 Non
797 308 886 344 ergo
914 298 1148 334 inveniuntur
1173 309 1230 334 res

62 368 189 394 omnes
217 358 252 392 in
280 358 396 403 prima
423 367 533 393 causa
561 367 625 402 per
654 357 803 392 modum
833 369 967 401 unum3
988 359 1067 394 ideo
1087 359 1180 394 bene
1199 362 1235 394 et

63 422 229 454 notanter
255 417 342 452 dixit
370 420 486 463 poeta,
510 416 607 461 quod
632 416 746 462 gloria
774 417 894 452 divina
922 418 1001 463 plus
1030 418 1233 464 resplendet

62 478 96 513 in
125 488 198 513 una
216 481 319 523 parte
345 480 381 512 et
406 476 526 511 minus
546 476 581 510 in
600 475 680 510 alia.
696 496 744 500 —
759 477 823 510 Nel
839 478 909 511 εἰεί.
930 477 993 512 Hic
1011 481 1119 513 autor
1137 488 1233 524 prae-

62 537 172 572 missa
192 536 351 572 maxima
373 535 692 579 universalissima,
713 535 879 580 proponit
898 536 1010 581 ipsam
1042 538 1232 573 materiam

62 598 218 633 nobilem
247 600 282 632 et
310 596 530 640 mirabilem3
554 595 745 641 profitetur
767 595 864 630 enim
892 606 931 631 se
959 596 1067 632 fuisse
1085 597 1120 631 in
1140 597 1234 633 coelo

62 668 147 693 cum
175 657 293 692 adhuc
321 656 461 691 viveret
488 656 523 690 in
551 666 671 700 carne,
700 659 734 690 et
762 655 892 691 vidisse
919 666 961 691 ea
990 666 1073 702 quae
1100 657 1234 702 impos-

61 718 162 753 sibile
189 720 240 752 est
270 716 407 752 referre
436 715 651 751 hominibus.
687 715 776 751 Dicit
810 726 918 762 ergo:
948 719 1000 759 Io,
1028 716 1128 761 idest,
1163 726 1233 762 ego

62 788 178 813 novus
206 780 310 822 poeta
337 776 470 811 Dantes
497 775 557 820 qui
586 775 728 810 fueram
748 775 784 810 in
802 776 942 811 inferno
962 779 997 811 et
1019 776 1233 822 purgatorio

61 848 146 872 cum
184 848 256 872 uno
292 840 396 882 poeta
430 846 565 882 magno
597 835 759 880 antiquo,
792 837 840 881 su?
868 838 924 871 nel
953 838 1049 881 ciselo,
1087 836 1232 881 scilicet7

63 896 268 932 mentaliter
288 906 358 931 non
382 895 631 941 corporaliter,
651 906 735 931 cum
756 906 828 931 una
852 897 1006 932 muliere
1034 897 1231 932 clarissima

61 957 266 1001 christiana,
282 957 340 990 clee
355 957 488 999 prende
502 953 575 999 μίὴ,
598 955 682 1000 quia
702 956 782 1001 plus
802 957 937 1002 recipit,
956 958 1047 991 della
1066 968 1131 991 seca
1149 958 1233 1000 luce,

61 1017 161 1061 idest,
189 1016 234 1051 de
261 1016 334 1061 ipsa
363 1015 477 1060 gloria
504 1015 578 1059 Dei,
607 1026 717 1060 quam
746 1016 906 1051 mundus
933 1016 1166 1052 elementaris
1196 1016 1231 1051 in

61 1087 135 1122 quo
161 1076 337 1111 hactenus
366 1075 503 1110 suerat:
526 1085 609 1110 nam
640 1075 798 1110 mundus
821 1075 886 1110 iste
914 1076 1061 1111 inferior
1090 1076 1229 1122 regitur

60 1147 81 1172 a
113 1136 302 1182 superiori,
338 1139 377 1170 ut
410 1136 486 1170 vult
519 1135 750 1181 philosophus
784 1136 901 1181 primo
935 1137 1228 1181 Methaurorum3

61 1195 157 1231 unde
188 1195 354 1231 Ovidius:
383 1198 414 1230 et
440 1196 532 1239 quod
562 1197 653 1239 reyic
683 1197 801 1230 οηυιὶα
827 1197 966 1230 coelum..-
997 1200 1032 1231 et
1067 1197 1151 1242 quia
1180 1197 1231 1231 lui

59 1256 94 1291 in
122 1256 200 1291 loco
230 1255 394 1299 mirabili,
424 1254 503 1290 ideo
535 1255 699 1291 miranda
728 1255 817 1299 vidi3
848 1256 943 1291 unde
974 1256 1076 1291 dicit:
1104 1267 1121 1290 e
1149 1258 1231 1300 vidi„

59 1315 286 1350 vivacissimo
313 1315 420 1350 oculo
449 1314 589 1359 mentis,
621 1325 709 1359 cose,
740 1315 884 1360 scilicet‚
912 1316 1063 1361 aliquas,
1091 1320 1132 1351 ut
1158 1320 1231 1352 sta-

60 1375 123 1409 tim
150 1374 244 1419 dicit,
272 1375 343 1417 che,
372 1374 471 1417 idest7
493 1384 583 1419 quas
604 1385 672 1419 res,
692 1375 744 1408 clu·
765 1376 922 1409 discendo
939 1376 975 1409 cli·
1002 1374 1108 1419 {61:3le
1128 1376 1230 1421 idest,

60 1434 257 1470 revertitur
283 1445 303 1469 a
331 1434 424 1469 coelo
450 1433 495 1468 ad
514 1433 627 1479 ipsam
653 1437 800 1478 terram,
821 1434 913 1470 sicut
935 1444 1003 1481 ego
1024 1434 1111 1470 redii
1132 1435 1228 1470 finita

60 1495 166 1541 longa
194 1494 250 1529 via
278 1493 466 1539 prosundae
485 1493 739 1539 speculationis
760 1504 862 1539 meze,
883 1493 925 1529 ne*
945 1505 998 1539 sa,
1025 1493 1069 1530 ne*
1090 1491 1160 1539 pac)
1177 1497 1230 1530 νί-

59 1556 146 1598 ding
175 1554 342 1600 quamvis
370 1553 465 1597 velit,
493 1553 584 1588 sicut
611 1553 737 1589 accidit
764 1554 888 1598 Paulo,
912 1555 973 1599 qui
1003 1558 1126 1600 raptus
1146 1555 1231 1590 vidit

60 1615 174 1650 multa
201 1624 360 1660 quorum
389 1613 521 1649 oblitus
548 1617 600 1649 est
628 1624 712 1649 cum
741 1614 903 1649 rediisset
930 1614 973 1649 ad
1002 1625 1162 1650 carnem.
1188 1615 1229 1650 Et

60 1674 175 1710 reddit
202 1674 380 1709 rationem
408 1674 464 1708 sui
496 1673 578 1709 dicti
613 1674 769 1720 probans
796 1674 1080 1711 demonstrative
1112 1686 1229 1720 quare

59 1735 127 1769 hoc
154 1733 231 1769 fieri
260 1744 332 1768 non
359 1733 478 1778 possit,
512 1733 596 1778 quia
623 1734 757 1769 scilicet
791 1733 994 1770 intellectus
1021 1735 1100 1780 plus
1132 1735 1229 1770 videt

59 1797 93 1828 et
112 1793 310 1839 cognoscit,
332 1802 444 1837 quam
472 1793 649 1828 memoria
678 1794 887 1829 meminisse
906 1794 1032 1840 possit3
1060 1794 1157 1829 unde
1175 1794 1230 1829 di—

59 1853 122 1888 cit:
149 1850 274 1897 perche*
298 1856 418 1887 noslro
445 1853 615 1895 intellecto,
643 1853 787 1898 scilicet,
816 1854 1000 1889 humanus
1018 1853 1150 1888 animae
1170 1864 1229 1888 ra-

60 1913 200 1948 tionalis
232 1912 292 1958 qui
330 1915 383 1947 est
420 1915 608 1957 separatus
649 1924 669 1947 a
711 1923 876 1958 corpore,
914 1913 1005 1948 sicut
1042 1917 1228 1948 ostensum

59 1977 113 2009 est
131 1972 226 2008 XXV
246 1972 402 2018 capitulo
422 1972 472 2006 Pu
480 1971 638 2017 rgatorii7
659 1974 900 2016 appresscmdo
919 1971 955 2007 se*
972 1974 1008 2007 al
1031 1983 1093 2007 suo
1111 1974 1229 2016 distre,

59 2033 159 2079 idest,
187 2031 474 2078 approximando
502 2042 648 2066 summo
676 2031 781 2076 bono,
805 2032 901 2077 quod
929 2042 1056 2067 omnes
1079 2035 1232 2068 natura-

58 2093 138 2128 liter
165 2092 382 2136 desiderant,
411 2094 449 2125 ut
477 2091 605 2136 probat
634 2091 723 2126 infra
753 2101 880 2126 versus
908 2091 1016 2127 finem
1045 2091 1144 2127 istius
1167 2102 1228 2127 ca-

59 2152 172 2198 pituli,
204 2154 234 2186 si
256 2153 436 2196 profonda
464 2155 571 2194 camo,
600 2151 699 2195 idest7
729 2151 850 2197 figitur
882 2155 1022 2187 tantum
1050 2152 1095 2187 ad
1122 2152 1227 2197 intra,

59 2213 116 2247 che
142 2216 236 2246 retro
264 2213 298 2246 la
318 2213 485 2246 memoria
505 2222 574 2245 non
590 2208 660 2255 pm)
679 2213 741 2256 ire,
765 2222 835 2247 non
855 2215 970 2257 potest
989 2212 1091 2257 sequi
1111 2212 1228 2257 ipsum

61 2272 293 2307 intellectum.
322 2272 364 2306 Et
391 2275 512 2307 tamen
540 2275 623 2307 nota
651 2271 749 2316 quod
776 2272 875 2307 nullo
907 2271 1102 2317 intellectu,
1130 2272 1227 2307 nulla
