<?xml version="1.0" encoding="UTF-8"?>
<!DOCTYPE html PUBLIC "-//W3C//DTD XHTML 1.0 Transitional//EN"
    "http://www.w3.org/TR/xhtml1/DTD/xhtml1-transitional.dtd">
<html xmlns="http://www.w3.org/1999/xhtml" xml:lang="en" lang="en">
 <head>
  <title>
</title>
<meta http-equiv="Content-Type" content="text/html;charset=utf-8" />
  <meta name='ocr-system' content='tesseract 3.04.00' />
  <meta name='ocr-capabilities' content='ocr_page ocr_carea ocr_par ocr_line ocrx_word'/>
</head>
<body>
  <div class='ocr_page' id='page_1' title='image "./comentumsuperdan04benvuoft_0133.png"; bbox 0 0 1737 2836; ppageno 0'>
   <div class='ocr_carea' id='block_1_1' title="bbox 389 253 1230 283">
    <p class='ocr_par' dir='ltr' id='par_1_1' title="bbox 389 253 1230 283">
     <span class='ocr_line' id='line_1_1' title="bbox 389 253 1230 283; baseline 0.002 -2"><span class='ocrx_word' id='word_1_1' title='bbox 389 257 526 282; x_wconf 74' lang='lat' dir='ltr'>CANTUS</span> <span class='ocrx_word' id='word_1_2' title='bbox 554 257 743 283; x_wconf 65' lang='lat' dir='ltr'>VIGESIMUS</span> <span class='ocrx_word' id='word_1_3' title='bbox 769 258 912 283; x_wconf 78' lang='lat' dir='ltr'><strong>SEXTUS.</strong></span> <span class='ocrx_word' id='word_1_4' title='bbox 1166 253 1230 283; x_wconf 67' lang='grc'>121</span> 
     </span>
    </p>
   </div>
   <div class='ocr_carea' id='block_1_2' title="bbox 63 327 1237 2220">
    <p class='ocr_par' dir='ltr' id='par_1_2' title="bbox 63 327 1237 2220">
     <span class='ocr_line' id='line_1_2' title="bbox 65 327 1234 374; baseline 0.001 -12"><span class='ocrx_word' id='word_1_5' title='bbox 65 327 212 363; x_wconf 86' lang='lat' dir='ltr'>orientis</span> <span class='ocrx_word' id='word_1_6' title='bbox 238 327 306 362; x_wconf 89' lang='lat' dir='ltr'>sub</span> <span class='ocrx_word' id='word_1_7' title='bbox 333 331 415 362; x_wconf 84' lang='lat' dir='ltr'>ortu</span> <span class='ocrx_word' id='word_1_8' title='bbox 443 328 545 372; x_wconf 73' lang='lat' dir='ltr'>solis3</span> <span class='ocrx_word' id='word_1_9' title='bbox 574 339 594 362; x_wconf 81' lang='grc' dir='ltr'>ο</span> <span class='ocrx_word' id='word_1_10' title='bbox 621 331 744 373; x_wconf 76' lang='lat' dir='ltr'>eliopo,</span> <span class='ocrx_word' id='word_1_11' title='bbox 768 329 867 374; x_wconf 78' lang='lat' dir='ltr'>idest7</span> <span class='ocrx_word' id='word_1_12' title='bbox 888 340 999 374; x_wconf 84' lang='lat' dir='ltr'>quam</span> <span class='ocrx_word' id='word_1_13' title='bbox 1019 328 1148 374; x_wconf 89' lang='lat' dir='ltr'>aliquis</span> <span class='ocrx_word' id='word_1_14' title='bbox 1168 329 1234 363; x_wconf 86' lang='lat' dir='ltr'>ha-</span> 
     </span>
     <span class='ocr_line' id='line_1_3' title="bbox 64 380 1228 433; baseline 0 -11"><span class='ocrx_word' id='word_1_15' title='bbox 64 388 195 423; x_wconf 84' lang='lat' dir='ltr'>bitator</span> <span class='ocrx_word' id='word_1_16' title='bbox 222 380 532 433; x_wconf 50' lang='lat' dir='ltr'>AEthiopiaejquae</span> <span class='ocrx_word' id='word_1_17' title='bbox 552 391 605 422; x_wconf 83' lang='lat' dir='ltr'>est</span> <span class='ocrx_word' id='word_1_18' title='bbox 633 388 667 422; x_wconf 90' lang='lat' dir='ltr'>in</span> <span class='ocrx_word' id='word_1_19' title='bbox 687 392 854 424; x_wconf 77' lang='lat' dir='ltr'>extremo</span> <span class='ocrx_word' id='word_1_20' title='bbox 878 389 1039 425; x_wconf 89' lang='lat' dir='ltr'>meridiei</span> <span class='ocrx_word' id='word_1_21' title='bbox 1059 393 1093 424; x_wconf 82' lang='lat' dir='ltr'>et</span> <span class='ocrx_word' id='word_1_22' title='bbox 1113 388 1228 423; x_wconf 90' lang='lat' dir='ltr'>multo</span> 
     </span>
     <span class='ocr_line' id='line_1_4' title="bbox 65 447 1233 493; baseline 0.001 -11"><span class='ocrx_word' id='word_1_23' title='bbox 65 447 210 483; x_wconf 75' lang='lat' dir='ltr'>calidior</span> <span class='ocrx_word' id='word_1_24' title='bbox 237 458 348 492; x_wconf 82' lang='lat' dir='ltr'>quam</span> <span class='ocrx_word' id='word_1_25' title='bbox 368 447 481 492; x_wconf 82' lang='lat' dir='ltr'>India;</span> <span class='ocrx_word' id='word_1_26' title='bbox 501 449 534 482; x_wconf 76' lang='grc' dir='ltr'>(Γ</span> <span class='ocrx_word' id='word_1_27' title='bbox 549 458 660 491; x_wconf 74' lang='lat' dir='ltr'>aequa</span> <span class='ocrx_word' id='word_1_28' title='bbox 675 450 815 493; x_wconf 68' lang='lat' dir='ltr'>ffeclda.</span> <span class='ocrx_word' id='word_1_29' title='bbox 836 449 935 485; x_wconf 80' lang='lat' dir='ltr'>Licet</span> <span class='ocrx_word' id='word_1_30' title='bbox 957 450 1052 485; x_wconf 83' lang='lat' dir='ltr'>enim</span> <span class='ocrx_word' id='word_1_31' title='bbox 1076 449 1233 484; x_wconf 85' lang='lat' dir='ltr'>habeant</span> 
     </span>
     <span class='ocr_line' id='line_1_5' title="bbox 66 508 1231 555; baseline 0.002 -13"><span class='ocrx_word' id='word_1_32' title='bbox 66 517 199 553; x_wconf 83' lang='lat' dir='ltr'>magna</span> <span class='ocrx_word' id='word_1_33' title='bbox 226 508 388 552; x_wconf 77' lang='lat' dir='ltr'>flumina,</span> <span class='ocrx_word' id='word_1_34' title='bbox 419 518 491 542; x_wconf 91' lang='lat' dir='ltr'>non</span> <span class='ocrx_word' id='word_1_35' title='bbox 524 511 645 542; x_wconf 81' lang='lat' dir='ltr'>tamen</span> <span class='ocrx_word' id='word_1_36' title='bbox 676 518 811 552; x_wconf 86' lang='lat' dir='ltr'>aquam</span> <span class='ocrx_word' id='word_1_37' title='bbox 848 509 1038 555; x_wconf 79' lang='lat' dir='ltr'>frigidam:</span> <span class='ocrx_word' id='word_1_38' title='bbox 1067 512 1103 544; x_wconf 90' lang='lat' dir='ltr'>et</span> <span class='ocrx_word' id='word_1_39' title='bbox 1138 509 1231 544; x_wconf 81' lang='lat' dir='ltr'>hene</span> 
     </span>
     <span class='ocr_line' id='line_1_6' title="bbox 66 567 1234 613; baseline 0.001 -11"><span class='ocrx_word' id='word_1_40' title='bbox 66 567 159 612; x_wconf 78' lang='lat' dir='ltr'>dicit,</span> <span class='ocrx_word' id='word_1_41' title='bbox 188 568 272 613; x_wconf 81' lang='lat' dir='ltr'>quia</span> <span class='ocrx_word' id='word_1_42' title='bbox 295 568 392 602; x_wconf 85' lang='lat' dir='ltr'>nulla</span> <span class='ocrx_word' id='word_1_43' title='bbox 420 567 698 612; x_wconf 78' lang='lat' dir='ltr'>intemperantia</span> <span class='ocrx_word' id='word_1_44' title='bbox 726 568 810 603; x_wconf 90' lang='lat' dir='ltr'>solis</span> <span class='ocrx_word' id='word_1_45' title='bbox 832 568 879 603; x_wconf 85' lang='lat' dir='ltr'>ita</span> <span class='ocrx_word' id='word_1_46' title='bbox 900 569 1010 604; x_wconf 83' lang='lat' dir='ltr'>aflicit</span> <span class='ocrx_word' id='word_1_47' title='bbox 1030 569 1083 603; x_wconf 88' lang='lat' dir='ltr'>siti</span> <span class='ocrx_word' id='word_1_48' title='bbox 1107 569 1234 604; x_wconf 71' lang='lat' dir='ltr'>{ethio—</span> 
     </span>
     <span class='ocr_line' id='line_1_7' title="bbox 67 627 1233 672; baseline 0.001 -11"><span class='ocrx_word' id='word_1_49' title='bbox 67 637 139 672; x_wconf 81' lang='lat' dir='ltr'>pes,</span> <span class='ocrx_word' id='word_1_50' title='bbox 168 627 257 662; x_wconf 87' lang='lat' dir='ltr'>sicut</span> <span class='ocrx_word' id='word_1_51' title='bbox 285 627 350 662; x_wconf 88' lang='lat' dir='ltr'>iste</span> <span class='ocrx_word' id='word_1_52' title='bbox 376 637 546 662; x_wconf 75' lang='lat' dir='ltr'>excessus</span> <span class='ocrx_word' id='word_1_53' title='bbox 577 627 706 662; x_wconf 86' lang='lat' dir='ltr'>caloris</span> <span class='ocrx_word' id='word_1_54' title='bbox 742 627 833 672; x_wconf 84' lang='lat' dir='ltr'>ignis</span> <span class='ocrx_word' id='word_1_55' title='bbox 865 627 973 662; x_wconf 84' lang='lat' dir='ltr'>istos:</span> <span class='ocrx_word' id='word_1_56' title='bbox 1003 628 1090 662; x_wconf 89' lang='lat' dir='ltr'>nulli</span> <span class='ocrx_word' id='word_1_57' title='bbox 1123 628 1233 663; x_wconf 81' lang='lat' dir='ltr'>etiam</span> 
     </span>
     <span class='ocr_line' id='line_1_8' title="bbox 65 686 1233 733; baseline -0.001 -12"><span class='ocrx_word' id='word_1_58' title='bbox 65 687 236 731; x_wconf 86' lang='lat' dir='ltr'>aethiopes</span> <span class='ocrx_word' id='word_1_59' title='bbox 264 687 311 721; x_wconf 83' lang='lat' dir='ltr'>ita</span> <span class='ocrx_word' id='word_1_60' title='bbox 337 686 507 721; x_wconf 79' lang='lat' dir='ltr'>affectant</span> <span class='ocrx_word' id='word_1_61' title='bbox 534 686 658 722; x_wconf 86' lang='lat' dir='ltr'>bibere</span> <span class='ocrx_word' id='word_1_62' title='bbox 684 697 819 732; x_wconf 84' lang='lat' dir='ltr'>aquam</span> <span class='ocrx_word' id='word_1_63' title='bbox 848 687 1027 733; x_wconf 75' lang='lat' dir='ltr'>frigidam,</span> <span class='ocrx_word' id='word_1_64' title='bbox 1058 687 1150 721; x_wconf 84' lang='lat' dir='ltr'>sicut</span> <span class='ocrx_word' id='word_1_65' title='bbox 1178 687 1233 721; x_wconf 86' lang='lat' dir='ltr'>isti</span> 
     </span>
     <span class='ocr_line' id='line_1_9' title="bbox 65 742 1230 792; baseline 0 -12"><span class='ocrx_word' id='word_1_66' title='bbox 65 746 210 791; x_wconf 88' lang='lat' dir='ltr'>spiritus</span> <span class='ocrx_word' id='word_1_67' title='bbox 237 746 328 792; x_wconf 84' lang='lat' dir='ltr'>nigri</span> <span class='ocrx_word' id='word_1_68' title='bbox 355 746 522 781; x_wconf 83' lang='lat' dir='ltr'>affectant</span> <span class='ocrx_word' id='word_1_69' title='bbox 537 742 571 790; x_wconf 51' lang='grc' dir='ltr'>ζ’)</span> <span class='ocrx_word' id='word_1_70' title='bbox 608 757 703 782; x_wconf 91' lang='lat' dir='ltr'>nunc</span> <span class='ocrx_word' id='word_1_71' title='bbox 738 746 866 782; x_wconf 86' lang='lat' dir='ltr'>audire</span> <span class='ocrx_word' id='word_1_72' title='bbox 898 746 1084 781; x_wconf 88' lang='lat' dir='ltr'>hominem</span> <span class='ocrx_word' id='word_1_73' title='bbox 1120 755 1230 790; x_wconf 90' lang='lat' dir='ltr'>quem</span> 
     </span>
     <span class='ocr_line' id='line_1_10' title="bbox 65 805 1234 852; baseline -0.001 -12"><span class='ocrx_word' id='word_1_74' title='bbox 65 806 233 841; x_wconf 78' lang='lat' dir='ltr'>videbant</span> <span class='ocrx_word' id='word_1_75' title='bbox 260 806 442 841; x_wconf 66' lang='lat' dir='ltr'>viventem</span> <span class='ocrx_word' id='word_1_76' title='bbox 467 806 525 851; x_wconf 84' lang='lat' dir='ltr'>ibi,</span> <span class='ocrx_word' id='word_1_77' title='bbox 549 806 645 851; x_wconf 88' lang='lat' dir='ltr'>quod</span> <span class='ocrx_word' id='word_1_78' title='bbox 673 817 876 852; x_wconf 87' lang='lat' dir='ltr'>numquam</span> <span class='ocrx_word' id='word_1_79' title='bbox 900 807 1020 842; x_wconf 84' lang='lat' dir='ltr'>fuerat</span> <span class='ocrx_word' id='word_1_80' title='bbox 1038 806 1156 840; x_wconf 87' lang='lat' dir='ltr'>visum</span> <span class='ocrx_word' id='word_1_81' title='bbox 1177 805 1234 840; x_wconf 62' lang='lat' dir='ltr'>vel</span> 
     </span>
     <span class='ocr_line' id='line_1_11' title="bbox 63 866 1234 912; baseline 0 -12"><span class='ocrx_word' id='word_1_82' title='bbox 63 866 228 901; x_wconf 85' lang='lat' dir='ltr'>auditum</span> <span class='ocrx_word' id='word_1_83' title='bbox 256 866 300 901; x_wconf 91' lang='lat' dir='ltr'>de</span> <span class='ocrx_word' id='word_1_84' title='bbox 327 867 407 901; x_wconf 81' lang='lat' dir='ltr'>alio.</span> <span class='ocrx_word' id='word_1_85' title='bbox 424 887 472 891; x_wconf 97' lang='lat'><strong>—</strong></span> <span class='ocrx_word' id='word_1_86' title='bbox 487 868 609 901; x_wconf 76' lang='lat' dir='ltr'>Dz&#39;tme.</span> <span class='ocrx_word' id='word_1_87' title='bbox 630 867 693 902; x_wconf 91' lang='lat' dir='ltr'>Hic</span> <span class='ocrx_word' id='word_1_88' title='bbox 712 870 817 912; x_wconf 84' lang='lat' dir='ltr'>poeta</span> <span class='ocrx_word' id='word_1_89' title='bbox 838 867 936 912; x_wconf 89' lang='lat' dir='ltr'>ponit</span> <span class='ocrx_word' id='word_1_90' title='bbox 958 866 1150 911; x_wconf 81' lang='lat' dir='ltr'>specialem</span> <span class='ocrx_word' id='word_1_91' title='bbox 1170 875 1234 911; x_wconf 90' lang='lat' dir='ltr'>pe-</span> 
     </span>
     <span class='ocr_line' id='line_1_12' title="bbox 64 924 1236 971; baseline 0 -12"><span class='ocrx_word' id='word_1_92' title='bbox 64 925 225 961; x_wconf 80' lang='lat' dir='ltr'>titionem</span> <span class='ocrx_word' id='word_1_93' title='bbox 254 925 346 960; x_wconf 90' lang='lat' dir='ltr'>illius</span> <span class='ocrx_word' id='word_1_94' title='bbox 373 926 528 971; x_wconf 79' lang='lat' dir='ltr'>spiritus,</span> <span class='ocrx_word' id='word_1_95' title='bbox 558 926 619 970; x_wconf 92' lang='lat' dir='ltr'>qui</span> <span class='ocrx_word' id='word_1_96' title='bbox 652 926 735 961; x_wconf 85' lang='lat' dir='ltr'>dicit</span> <span class='ocrx_word' id='word_1_97' title='bbox 770 926 854 961; x_wconf 85' lang='lat' dir='ltr'>sihi:</span> <span class='ocrx_word' id='word_1_98' title='bbox 884 927 1011 969; x_wconf 71' lang='lat' dir='ltr'>Ditme,</span> <span class='ocrx_word' id='word_1_99' title='bbox 1042 925 1142 969; x_wconf 83' lang='lat' dir='ltr'>idest,</span> <span class='ocrx_word' id='word_1_100' title='bbox 1179 924 1236 959; x_wconf 90' lang='lat' dir='ltr'>dic</span> 
     </span>
     <span class='ocr_line' id='line_1_13' title="bbox 66 984 1236 1031; baseline -0.002 -11"><span class='ocrx_word' id='word_1_101' title='bbox 66 986 167 1021; x_wconf 89' lang='lat' dir='ltr'>nobis</span> <span class='ocrx_word' id='word_1_102' title='bbox 193 995 298 1031; x_wconf 84' lang='lat' dir='ltr'>ergo:</span> <span class='ocrx_word' id='word_1_103' title='bbox 327 984 446 1020; x_wconf 70' lang='lat' dir='ltr'>com’e&#39;</span> <span class='ocrx_word' id='word_1_104' title='bbox 471 987 528 1020; x_wconf 78' lang='lat' dir='ltr'>che</span> <span class='ocrx_word' id='word_1_105' title='bbox 551 987 605 1030; x_wconf 71' lang='lat' dir='ltr'>sai</span> <span class='ocrx_word' id='word_1_106' title='bbox 631 987 666 1020; x_wconf 73' lang='lat' dir='ltr'>(Ii</span> <span class='ocrx_word' id='word_1_107' title='bbox 692 990 721 1020; x_wconf 77' lang='lat' dir='ltr'>le</span> <span class='ocrx_word' id='word_1_108' title='bbox 742 990 865 1030; x_wconf 69' lang='lat' dir='ltr'>parete</span> <span class='ocrx_word' id='word_1_109' title='bbox 891 987 928 1020; x_wconf 81' lang='lat' dir='ltr'>al</span> <span class='ocrx_word' id='word_1_110' title='bbox 951 987 1033 1030; x_wconf 76' lang='lat' dir='ltr'>sole,</span> <span class='ocrx_word' id='word_1_111' title='bbox 1059 984 1161 1030; x_wconf 82' lang='lat' dir='ltr'>quasi</span> <span class='ocrx_word' id='word_1_112' title='bbox 1183 984 1236 1019; x_wconf 93' lang='lat' dir='ltr'>di—</span> 
     </span>
     <span class='ocr_line' id='line_1_14' title="bbox 64 1043 1234 1090; baseline -0.001 -11"><span class='ocrx_word' id='word_1_113' title='bbox 64 1048 138 1080; x_wconf 85' lang='lat' dir='ltr'>cat:</span> <span class='ocrx_word' id='word_1_114' title='bbox 158 1044 343 1089; x_wconf 89' lang='lat' dir='ltr'>quomodo</span> <span class='ocrx_word' id='word_1_115' title='bbox 372 1044 456 1079; x_wconf 74' lang='lat' dir='ltr'>facis</span> <span class='ocrx_word' id='word_1_116' title='bbox 484 1045 653 1080; x_wconf 83' lang='lat' dir='ltr'>umbram</span> <span class='ocrx_word' id='word_1_117' title='bbox 683 1055 764 1090; x_wconf 71' lang='lat' dir='ltr'>quae</span> <span class='ocrx_word' id='word_1_118' title='bbox 792 1045 940 1090; x_wconf 87' lang='lat' dir='ltr'>impedit</span> <span class='ocrx_word' id='word_1_119' title='bbox 967 1045 1079 1080; x_wconf 82' lang='lat' dir='ltr'>solem</span> <span class='ocrx_word' id='word_1_120' title='bbox 1109 1043 1234 1079; x_wconf 72' lang='lat' dir='ltr'>venire</span> 
     </span>
     <span class='ocr_line' id='line_1_15' title="bbox 64 1104 1237 1150; baseline -0.002 -11"><span class='ocrx_word' id='word_1_121' title='bbox 64 1104 110 1140; x_wconf 86' lang='lat' dir='ltr'>ad</span> <span class='ocrx_word' id='word_1_122' title='bbox 136 1114 200 1139; x_wconf 88' lang='lat' dir='ltr'>nos</span> <span class='ocrx_word' id='word_1_123' title='bbox 228 1107 407 1149; x_wconf 86' lang='lat' dir='ltr'>quantum</span> <span class='ocrx_word' id='word_1_124' title='bbox 436 1108 497 1139; x_wconf 87' lang='lat' dir='ltr'>tua</span> <span class='ocrx_word' id='word_1_125' title='bbox 525 1105 657 1140; x_wconf 85' lang='lat' dir='ltr'>umbra</span> <span class='ocrx_word' id='word_1_126' title='bbox 684 1105 797 1150; x_wconf 74' lang='lat' dir='ltr'>capit3</span> <span class='ocrx_word' id='word_1_127' title='bbox 825 1116 919 1139; x_wconf 77' lang='lat' dir='ltr'>come</span> <span class='ocrx_word' id='word_1_128' title='bbox 937 1116 972 1139; x_wconf 82' lang='lat' dir='ltr'>se</span> <span class='ocrx_word' id='word_1_129' title='bbox 994 1108 1026 1139; x_wconf 73' lang='lat' dir='ltr'>tu</span> <span class='ocrx_word' id='word_1_130' title='bbox 1053 1115 1120 1139; x_wconf 78' lang='lat' dir='ltr'>non</span> <span class='ocrx_word' id='word_1_131' title='bbox 1147 1105 1237 1149; x_wconf 74' lang='lat' dir='ltr'>fossi</span> 
     </span>
     <span class='ocr_line' id='line_1_16' title="bbox 67 1164 1229 1209; baseline -0.001 -11"><span class='ocrx_word' id='word_1_132' title='bbox 67 1167 202 1198; x_wconf 77' lang='lat' dir='ltr'>entrato</span> <span class='ocrx_word' id='word_1_133' title='bbox 229 1173 363 1198; x_wconf 75' lang='lat' dir='ltr'>ancora</span> <span class='ocrx_word' id='word_1_134' title='bbox 394 1165 516 1198; x_wconf 76' lang='lat' dir='ltr'>denlro</span> <span class='ocrx_word' id='word_1_135' title='bbox 547 1166 643 1198; x_wconf 78' lang='lat' dir='ltr'>dalla</span> <span class='ocrx_word' id='word_1_136' title='bbox 677 1168 747 1199; x_wconf 71' lang='lat' dir='ltr'>rete</span> <span class='ocrx_word' id='word_1_137' title='bbox 779 1166 815 1199; x_wconf 70' lang='grc' dir='ltr'>(Ιί</span> <span class='ocrx_word' id='word_1_138' title='bbox 846 1169 967 1207; x_wconf 62' lang='lat' dir='ltr'>morte,</span> <span class='ocrx_word' id='word_1_139' title='bbox 995 1164 1096 1209; x_wconf 83' lang='lat' dir='ltr'>quasi</span> <span class='ocrx_word' id='word_1_140' title='bbox 1125 1164 1229 1207; x_wconf 47' lang='lat' dir='ltr'>dican</span> 
     </span>
     <span class='ocr_line' id='line_1_17' title="bbox 67 1224 1233 1260; baseline -0.001 -2"><span class='ocrx_word' id='word_1_141' title='bbox 67 1224 165 1259; x_wconf 77' lang='lat' dir='ltr'>velut</span> <span class='ocrx_word' id='word_1_142' title='bbox 192 1224 219 1258; x_wconf 89' lang='lat' dir='ltr'>si</span> <span class='ocrx_word' id='word_1_143' title='bbox 247 1234 318 1259; x_wconf 89' lang='lat' dir='ltr'>non</span> <span class='ocrx_word' id='word_1_144' title='bbox 339 1234 434 1260; x_wconf 86' lang='lat' dir='ltr'>esses</span> <span class='ocrx_word' id='word_1_145' title='bbox 453 1224 570 1259; x_wconf 85' lang='lat' dir='ltr'>adhuc</span> <span class='ocrx_word' id='word_1_146' title='bbox 591 1228 768 1259; x_wconf 89' lang='lat' dir='ltr'>mortuus.</span> <span class='ocrx_word' id='word_1_147' title='bbox 790 1225 832 1259; x_wconf 88' lang='lat' dir='ltr'>Et</span> <span class='ocrx_word' id='word_1_148' title='bbox 851 1224 994 1259; x_wconf 77' lang='lat' dir='ltr'>videtur</span> <span class='ocrx_word' id='word_1_149' title='bbox 1014 1224 1233 1259; x_wconf 84' lang='lat' dir='ltr'>conveniens</span> 
     </span>
     <span class='ocr_line' id='line_1_18' title="bbox 68 1283 1233 1329; baseline 0 -12"><span class='ocrx_word' id='word_1_150' title='bbox 68 1283 302 1328; x_wconf 81' lang='lat' dir='ltr'>metaphora:</span> <span class='ocrx_word' id='word_1_151' title='bbox 337 1294 437 1319; x_wconf 87' lang='lat' dir='ltr'>mors</span> <span class='ocrx_word' id='word_1_152' title='bbox 463 1283 560 1319; x_wconf 91' lang='lat' dir='ltr'>enim</span> <span class='ocrx_word' id='word_1_153' title='bbox 588 1284 746 1329; x_wconf 85' lang='lat' dir='ltr'>piscatur</span> <span class='ocrx_word' id='word_1_154' title='bbox 778 1284 813 1318; x_wconf 91' lang='lat' dir='ltr'>in</span> <span class='ocrx_word' id='word_1_155' title='bbox 848 1294 980 1329; x_wconf 82' lang='lat' dir='ltr'>magno</span> <span class='ocrx_word' id='word_1_156' title='bbox 1014 1283 1105 1318; x_wconf 83' lang='lat' dir='ltr'>mari</span> <span class='ocrx_word' id='word_1_157' title='bbox 1133 1293 1233 1318; x_wconf 89' lang='lat' dir='ltr'>mor-</span> 
     </span>
     <span class='ocr_line' id='line_1_19' title="bbox 66 1342 1233 1389; baseline -0.002 -11"><span class='ocrx_word' id='word_1_158' title='bbox 66 1342 203 1387; x_wconf 79' lang='lat' dir='ltr'>talium,</span> <span class='ocrx_word' id='word_1_159' title='bbox 224 1346 257 1377; x_wconf 85' lang='lat' dir='ltr'>et</span> <span class='ocrx_word' id='word_1_160' title='bbox 278 1343 399 1378; x_wconf 86' lang='lat' dir='ltr'>omnia</span> <span class='ocrx_word' id='word_1_161' title='bbox 419 1353 554 1389; x_wconf 86' lang='lat' dir='ltr'>genera</span> <span class='ocrx_word' id='word_1_162' title='bbox 573 1343 813 1377; x_wconf 84' lang='lat' dir='ltr'>animantium</span> <span class='ocrx_word' id='word_1_163' title='bbox 833 1343 936 1388; x_wconf 84' lang='lat' dir='ltr'>capit.</span> <span class='ocrx_word' id='word_1_164' title='bbox 952 1343 994 1377; x_wconf 83' lang='lat' dir='ltr'>Et</span> <span class='ocrx_word' id='word_1_165' title='bbox 1009 1343 1092 1377; x_wconf 89' lang='lat' dir='ltr'>dicit</span> <span class='ocrx_word' id='word_1_166' title='bbox 1110 1345 1233 1388; x_wconf 85' lang='lat' dir='ltr'>poeta:</span> 
     </span>
     <span class='ocr_line' id='line_1_20' title="bbox 64 1398 1233 1447; baseline 0 -11"><span class='ocrx_word' id='word_1_167' title='bbox 64 1398 91 1437; x_wconf 70' lang='lat' dir='ltr'>si</span> <span class='ocrx_word' id='word_1_168' title='bbox 110 1404 156 1437; x_wconf 80' lang='lat' dir='ltr'>mi</span> <span class='ocrx_word' id='word_1_169' title='bbox 171 1404 323 1446; x_wconf 73' lang='lat' dir='ltr'>parlam</span> <span class='ocrx_word' id='word_1_170' title='bbox 349 1413 392 1436; x_wconf 72' lang='lat' dir='ltr'>em</span> <span class='ocrx_word' id='word_1_171' title='bbox 419 1404 536 1445; x_wconf 74' lang='lat' dir='ltr'>(Fessi,</span> <span class='ocrx_word' id='word_1_172' title='bbox 565 1402 625 1447; x_wconf 87' lang='lat' dir='ltr'>qui</span> <span class='ocrx_word' id='word_1_173' title='bbox 655 1403 773 1438; x_wconf 85' lang='lat' dir='ltr'>fuerat</span> <span class='ocrx_word' id='word_1_174' title='bbox 800 1403 854 1437; x_wconf 73' lang='lat' dir='ltr'>vir</span> <span class='ocrx_word' id='word_1_175' title='bbox 884 1402 1034 1438; x_wconf 83' lang='lat' dir='ltr'>affabilis</span> <span class='ocrx_word' id='word_1_176' title='bbox 1062 1402 1096 1436; x_wconf 91' lang='lat' dir='ltr'>in</span> <span class='ocrx_word' id='word_1_177' title='bbox 1124 1413 1233 1436; x_wconf 88' lang='lat' dir='ltr'>mun-</span> 
     </span>
     <span class='ocr_line' id='line_1_21' title="bbox 65 1461 1235 1506; baseline -0.001 -10"><span class='ocrx_word' id='word_1_178' title='bbox 65 1461 133 1496; x_wconf 89' lang='lat' dir='ltr'>do:</span> <span class='ocrx_word' id='word_1_179' title='bbox 163 1461 227 1496; x_wconf 80' lang='lat' dir='ltr'>iste</span> <span class='ocrx_word' id='word_1_180' title='bbox 254 1461 399 1506; x_wconf 86' lang='lat' dir='ltr'>quidem</span> <span class='ocrx_word' id='word_1_181' title='bbox 421 1461 486 1496; x_wconf 89' lang='lat' dir='ltr'>fuit</span> <span class='ocrx_word' id='word_1_182' title='bbox 515 1461 616 1496; x_wconf 86' lang='lat' dir='ltr'>miles</span> <span class='ocrx_word' id='word_1_183' title='bbox 637 1461 866 1497; x_wconf 83' lang='lat' dir='ltr'>bononiensis</span> <span class='ocrx_word' id='word_1_184' title='bbox 888 1462 933 1497; x_wconf 89' lang='lat' dir='ltr'>de</span> <span class='ocrx_word' id='word_1_185' title='bbox 960 1461 1159 1496; x_wconf 83' lang='lat' dir='ltr'>clarissima</span> <span class='ocrx_word' id='word_1_186' title='bbox 1182 1462 1235 1496; x_wconf 89' lang='lat' dir='ltr'>fa-</span> 
     </span>
     <span class='ocr_line' id='line_1_22' title="bbox 66 1521 1234 1566; baseline 0 -11"><span class='ocrx_word' id='word_1_187' title='bbox 66 1521 162 1555; x_wconf 86' lang='lat' dir='ltr'>milia</span> <span class='ocrx_word' id='word_1_188' title='bbox 200 1521 401 1566; x_wconf 86' lang='lat' dir='ltr'>principum</span> <span class='ocrx_word' id='word_1_189' title='bbox 440 1524 590 1556; x_wconf 72' lang='lat' dir='ltr'>vocatus</span> <span class='ocrx_word' id='word_1_190' title='bbox 625 1521 740 1556; x_wconf 86' lang='lat' dir='ltr'>Guido</span> <span class='ocrx_word' id='word_1_191' title='bbox 777 1521 1007 1556; x_wconf 88' lang='lat' dir='ltr'>Guinicellus.</span> <span class='ocrx_word' id='word_1_192' title='bbox 1046 1521 1234 1556; x_wconf 87' lang='lat' dir='ltr'>Gninicelli</span> 
     </span>
     <span class='ocr_line' id='line_1_23' title="bbox 65 1580 1235 1625; baseline 0 -11"><span class='ocrx_word' id='word_1_193' title='bbox 65 1580 161 1615; x_wconf 92' lang='lat' dir='ltr'>enim</span> <span class='ocrx_word' id='word_1_194' title='bbox 190 1580 337 1616; x_wconf 86' lang='lat' dir='ltr'>fuerunt</span> <span class='ocrx_word' id='word_1_195' title='bbox 365 1591 481 1614; x_wconf 92' lang='lat' dir='ltr'>unum</span> <span class='ocrx_word' id='word_1_196' title='bbox 511 1580 720 1615; x_wconf 89' lang='lat' dir='ltr'>membrum</span> <span class='ocrx_word' id='word_1_197' title='bbox 749 1580 794 1615; x_wconf 90' lang='lat' dir='ltr'>de</span> <span class='ocrx_word' id='word_1_198' title='bbox 817 1580 1036 1625; x_wconf 86' lang='lat' dir='ltr'>principibus</span> <span class='ocrx_word' id='word_1_199' title='bbox 1058 1580 1167 1625; x_wconf 88' lang='lat' dir='ltr'>pulsis</span> <span class='ocrx_word' id='word_1_200' title='bbox 1190 1580 1235 1615; x_wconf 92' lang='lat' dir='ltr'>de</span> 
     </span>
     <span class='ocr_line' id='line_1_24' title="bbox 65 1639 1235 1685; baseline 0.001 -12"><span class='ocrx_word' id='word_1_201' title='bbox 65 1639 224 1675; x_wconf 83' lang='lat' dir='ltr'>Bononia</span> <span class='ocrx_word' id='word_1_202' title='bbox 252 1639 425 1674; x_wconf 77' lang='lat' dir='ltr'>seditione</span> <span class='ocrx_word' id='word_1_203' title='bbox 451 1639 557 1683; x_wconf 69' lang='lat' dir='ltr'>civili,</span> <span class='ocrx_word' id='word_1_204' title='bbox 583 1639 668 1684; x_wconf 88' lang='lat' dir='ltr'>quia</span> <span class='ocrx_word' id='word_1_205' title='bbox 695 1640 900 1685; x_wconf 83' lang='lat' dir='ltr'>imperiales</span> <span class='ocrx_word' id='word_1_206' title='bbox 919 1643 1033 1675; x_wconf 82' lang='lat' dir='ltr'>erant.</span> <span class='ocrx_word' id='word_1_207' title='bbox 1056 1639 1137 1674; x_wconf 88' lang='lat' dir='ltr'>Fuit</span> <span class='ocrx_word' id='word_1_208' title='bbox 1160 1640 1235 1684; x_wconf 89' lang='lat' dir='ltr'>ipse</span> 
     </span>
     <span class='ocr_line' id='line_1_25' title="bbox 65 1699 1233 1746; baseline 0.001 -13"><span class='ocrx_word' id='word_1_209' title='bbox 65 1699 181 1734; x_wconf 89' lang='lat' dir='ltr'>Guido</span> <span class='ocrx_word' id='word_1_210' title='bbox 208 1699 262 1733; x_wconf 78' lang='lat' dir='ltr'>vir</span> <span class='ocrx_word' id='word_1_211' title='bbox 290 1699 458 1744; x_wconf 76' lang='lat' dir='ltr'>prudens7</span> <span class='ocrx_word' id='word_1_212' title='bbox 491 1700 677 1744; x_wconf 77' lang='lat' dir='ltr'>eloquens,</span> <span class='ocrx_word' id='word_1_213' title='bbox 706 1699 893 1735; x_wconf 78' lang='lat' dir='ltr'>inveniens</span> <span class='ocrx_word' id='word_1_214' title='bbox 927 1699 1075 1746; x_wconf 80' lang='lat' dir='ltr'>egregie</span> <span class='ocrx_word' id='word_1_215' title='bbox 1107 1700 1233 1745; x_wconf 86' lang='lat' dir='ltr'>pulcra</span> 
     </span>
     <span class='ocr_line' id='line_1_26' title="bbox 65 1758 1232 1805; baseline -0.001 -11"><span class='ocrx_word' id='word_1_216' title='bbox 65 1758 157 1794; x_wconf 85' lang='lat' dir='ltr'>dicta</span> <span class='ocrx_word' id='word_1_217' title='bbox 194 1762 378 1802; x_wconf 85' lang='lat' dir='ltr'>materna;</span> <span class='ocrx_word' id='word_1_218' title='bbox 420 1759 511 1794; x_wconf 84' lang='lat' dir='ltr'>sicut</span> <span class='ocrx_word' id='word_1_219' title='bbox 546 1762 671 1794; x_wconf 84' lang='lat' dir='ltr'>autem</span> <span class='ocrx_word' id='word_1_220' title='bbox 708 1763 787 1794; x_wconf 85' lang='lat' dir='ltr'>erat</span> <span class='ocrx_word' id='word_1_221' title='bbox 825 1759 983 1794; x_wconf 83' lang='lat' dir='ltr'>ardentis</span> <span class='ocrx_word' id='word_1_222' title='bbox 1023 1759 1155 1805; x_wconf 90' lang='lat' dir='ltr'>ingenii</span> <span class='ocrx_word' id='word_1_223' title='bbox 1197 1763 1232 1794; x_wconf 91' lang='lat' dir='ltr'>et</span> 
     </span>
     <span class='ocr_line' id='line_1_27' title="bbox 66 1817 1234 1863; baseline 0.001 -11"><span class='ocrx_word' id='word_1_224' title='bbox 66 1817 211 1863; x_wconf 76' lang='lat' dir='ltr'>linguae,</span> <span class='ocrx_word' id='word_1_225' title='bbox 239 1818 285 1852; x_wconf 85' lang='lat' dir='ltr'>ita</span> <span class='ocrx_word' id='word_1_226' title='bbox 312 1818 470 1853; x_wconf 86' lang='lat' dir='ltr'>ardentis</span> <span class='ocrx_word' id='word_1_227' title='bbox 503 1818 669 1862; x_wconf 75' lang='lat' dir='ltr'>luxuriae,</span> <span class='ocrx_word' id='word_1_228' title='bbox 701 1819 827 1863; x_wconf 84' lang='lat' dir='ltr'>quales</span> <span class='ocrx_word' id='word_1_229' title='bbox 862 1819 965 1853; x_wconf 86' lang='lat' dir='ltr'>multi</span> <span class='ocrx_word' id='word_1_230' title='bbox 997 1818 1234 1853; x_wconf 73' lang='lat' dir='ltr'>inveniuntur</span> 
     </span>
     <span class='ocr_line' id='line_1_28' title="bbox 66 1877 1233 1923; baseline 0 -10"><span class='ocrx_word' id='word_1_231' title='bbox 66 1888 170 1923; x_wconf 81' lang='lat' dir='ltr'>saepe.</span> <span class='ocrx_word' id='word_1_232' title='bbox 192 1878 219 1911; x_wconf 93' lang='grc' dir='ltr'>Ο</span> <span class='ocrx_word' id='word_1_233' title='bbox 247 1880 335 1922; x_wconf 83' lang='lat' dir='ltr'>quot</span> <span class='ocrx_word' id='word_1_234' title='bbox 362 1877 427 1912; x_wconf 65' lang='lat' dir='ltr'>viri</span> <span class='ocrx_word' id='word_1_235' title='bbox 457 1878 604 1912; x_wconf 78' lang='lat' dir='ltr'>virtuosi</span> <span class='ocrx_word' id='word_1_236' title='bbox 629 1881 761 1913; x_wconf 77' lang='lat' dir='ltr'>caetera</span> <span class='ocrx_word' id='word_1_237' title='bbox 788 1879 882 1913; x_wconf 87' lang='lat' dir='ltr'>bona</span> <span class='ocrx_word' id='word_1_238' title='bbox 909 1879 976 1913; x_wconf 84' lang='lat' dir='ltr'>hac</span> <span class='ocrx_word' id='word_1_239' title='bbox 1003 1878 1084 1913; x_wconf 87' lang='lat' dir='ltr'>labe</span> <span class='ocrx_word' id='word_1_240' title='bbox 1111 1878 1233 1913; x_wconf 89' lang='lat' dir='ltr'>defor-</span> 
     </span>
     <span class='ocr_line' id='line_1_29' title="bbox 67 1936 1233 1983; baseline 0.001 -12"><span class='ocrx_word' id='word_1_241' title='bbox 67 1939 275 1972; x_wconf 73' lang='lat' dir='ltr'>maverunt!</span> <span class='ocrx_word' id='word_1_242' title='bbox 303 1936 385 1972; x_wconf 81' lang='lat' dir='ltr'>Ideo</span> <span class='ocrx_word' id='word_1_243' title='bbox 413 1937 505 1971; x_wconf 83' lang='lat' dir='ltr'>bene</span> <span class='ocrx_word' id='word_1_244' title='bbox 533 1937 631 1983; x_wconf 83' lang='lat' dir='ltr'>lingit</span> <span class='ocrx_word' id='word_1_245' title='bbox 659 1941 763 1983; x_wconf 78' lang='lat' dir='ltr'>poeta</span> <span class='ocrx_word' id='word_1_246' title='bbox 789 1938 884 1983; x_wconf 89' lang='lat' dir='ltr'>quod</span> <span class='ocrx_word' id='word_1_247' title='bbox 908 1938 983 1982; x_wconf 88' lang='lat' dir='ltr'>ipse</span> <span class='ocrx_word' id='word_1_248' title='bbox 1002 1940 1129 1982; x_wconf 85' lang='lat' dir='ltr'>captus</span> <span class='ocrx_word' id='word_1_249' title='bbox 1149 1948 1233 1983; x_wconf 85' lang='lat' dir='ltr'>per-</span> 
     </span>
     <span class='ocr_line' id='line_1_30' title="bbox 65 1997 1235 2042; baseline 0.002 -11"><span class='ocrx_word' id='word_1_250' title='bbox 65 1997 233 2032; x_wconf 89' lang='lat' dir='ltr'>suasione</span> <span class='ocrx_word' id='word_1_251' title='bbox 260 1997 338 2032; x_wconf 87' lang='lat' dir='ltr'>eius</span> <span class='ocrx_word' id='word_1_252' title='bbox 360 1997 478 2031; x_wconf 84' lang='lat' dir='ltr'>subito</span> <span class='ocrx_word' id='word_1_253' title='bbox 499 1997 738 2042; x_wconf 82' lang='lat' dir='ltr'>respondisset</span> <span class='ocrx_word' id='word_1_254' title='bbox 757 1998 784 2032; x_wconf 89' lang='lat' dir='ltr'>si</span> <span class='ocrx_word' id='word_1_255' title='bbox 805 2009 876 2033; x_wconf 90' lang='lat' dir='ltr'>non</span> <span class='ocrx_word' id='word_1_256' title='bbox 896 1998 1147 2034; x_wconf 79' lang='lat' dir='ltr'>intervenisset</span> <span class='ocrx_word' id='word_1_257' title='bbox 1166 1998 1235 2033; x_wconf 91' lang='lat' dir='ltr'>im-</span> 
     </span>
     <span class='ocr_line' id='line_1_31' title="bbox 67 2052 1235 2103; baseline -0.001 -11"><span class='ocrx_word' id='word_1_258' title='bbox 67 2056 327 2102; x_wconf 85' lang='lat' dir='ltr'>pedimentum.</span> <span class='ocrx_word' id='word_1_259' title='bbox 365 2057 465 2091; x_wconf 81' lang='lat' dir='ltr'>Unde</span> <span class='ocrx_word' id='word_1_260' title='bbox 492 2057 597 2092; x_wconf 87' lang='lat' dir='ltr'>dicit:</span> <span class='ocrx_word' id='word_1_261' title='bbox 627 2061 658 2091; x_wconf 77' lang='lat' dir='ltr'>ec</span> <span class='ocrx_word' id='word_1_262' title='bbox 683 2059 715 2091; x_wconf 84' lang='lat'>1&#39;0</span> <span class='ocrx_word' id='word_1_263' title='bbox 749 2059 796 2091; x_wconf 72' lang='lat' dir='ltr'>mi</span> <span class='ocrx_word' id='word_1_264' title='bbox 821 2059 906 2102; x_wconf 80' lang='lat' dir='ltr'>sora</span> <span class='ocrx_word' id='word_1_265' title='bbox 931 2052 990 2100; x_wconf 66' lang='lat' dir='ltr'>yid</span> <span class='ocrx_word' id='word_1_266' title='bbox 1018 2059 1235 2103; x_wconf 69' lang='lat' dir='ltr'>manifeslaco</span> 
     </span>
     <span class='ocr_line' id='line_1_32' title="bbox 63 2116 1230 2163; baseline 0.003 -13"><span class='ocrx_word' id='word_1_267' title='bbox 63 2117 90 2150; x_wconf 86' lang='lat' dir='ltr'>s&#39;</span> <span class='ocrx_word' id='word_1_268' title='bbox 107 2117 140 2150; x_wconf 75' lang='lat' dir='ltr'>io</span> <span class='ocrx_word' id='word_1_269' title='bbox 167 2127 235 2150; x_wconf 80' lang='lat' dir='ltr'>non</span> <span class='ocrx_word' id='word_1_270' title='bbox 261 2118 349 2161; x_wconf 77' lang='lat' dir='ltr'>fossi</span> <span class='ocrx_word' id='word_1_271' title='bbox 375 2120 493 2159; x_wconf 62' lang='lat' dir='ltr'>attexo,</span> <span class='ocrx_word' id='word_1_272' title='bbox 523 2116 621 2157; x_wconf 74' lang='lat' dir='ltr'>idest,</span> <span class='ocrx_word' id='word_1_273' title='bbox 650 2126 721 2151; x_wconf 89' lang='lat' dir='ltr'>non</span> <span class='ocrx_word' id='word_1_274' title='bbox 749 2116 895 2152; x_wconf 82' lang='lat' dir='ltr'>fuissem</span> <span class='ocrx_word' id='word_1_275' title='bbox 919 2116 1033 2151; x_wconf 84' lang='lat' dir='ltr'>factus</span> <span class='ocrx_word' id='word_1_276' title='bbox 1060 2120 1230 2163; x_wconf 80' lang='lat' dir='ltr'>attentus,</span> 
     </span>
     <span class='ocr_line' id='line_1_33' title="bbox 66 2172 1233 2220; baseline 0.003 -10"><span class='ocrx_word' id='word_1_277' title='bbox 66 2178 114 2211; x_wconf 80' lang='lat' dir='ltr'>acl</span> <span class='ocrx_word' id='word_1_278' title='bbox 139 2178 231 2211; x_wconf 74' lang='lat' dir='ltr'>altra</span> <span class='ocrx_word' id='word_1_279' title='bbox 259 2172 374 2211; x_wconf 73' lang='grc' dir='ltr'><em>ηουίίὰ</em></span> <span class='ocrx_word' id='word_1_280' title='bbox 400 2178 458 2211; x_wconf 78' lang='lat' dir='ltr'>che</span> <span class='ocrx_word' id='word_1_281' title='bbox 481 2187 594 2220; x_wconf 72' lang='lat' dir='ltr'>part-e</span> <span class='ocrx_word' id='word_1_282' title='bbox 620 2178 745 2211; x_wconf 78' lang='grc' dir='ltr'><em>(ιῐῐονα.</em></span> <span class='ocrx_word' id='word_1_283' title='bbox 775 2176 875 2212; x_wconf 87' lang='lat' dir='ltr'>Sicut</span> <span class='ocrx_word' id='word_1_284' title='bbox 894 2177 989 2212; x_wconf 91' lang='lat' dir='ltr'>enim</span> <span class='ocrx_word' id='word_1_285' title='bbox 1014 2177 1131 2213; x_wconf 90' lang='lat' dir='ltr'>Guido</span> <span class='ocrx_word' id='word_1_286' title='bbox 1154 2182 1233 2213; x_wconf 83' lang='lat' dir='ltr'>erat</span> 
     </span>
    </p>
   </div>
   <div class='ocr_carea' id='block_1_3' title="bbox 94 2257 1233 2262">
    <p class='ocr_par' dir='ltr' id='par_1_3' title="bbox 94 2257 1233 2262">
     <span class='ocr_line' id='line_1_34' title="bbox 94 2257 1233 2262; baseline 0 0"><span class='ocrx_word' id='word_1_287' title='bbox 94 2257 1233 2262; x_wconf 95' lang='lat' dir='ltr'> </span> 
     </span>
    </p>
   </div>
   <div class='ocr_carea' id='block_1_4' title="bbox 130 2306 402 2335">
    <p class='ocr_par' dir='ltr' id='par_1_4' title="bbox 130 2306 402 2335">
     <span class='ocr_line' id='line_1_35' title="bbox 130 2306 402 2335; baseline 0 -5"><span class='ocrx_word' id='word_1_288' title='bbox 130 2306 155 2335; x_wconf 71' lang='lat'>(¹)</span> <span class='ocrx_word' id='word_1_289' title='bbox 174 2309 225 2333; x_wconf 79' lang='lat'>117.</span> <span class='ocrx_word' id='word_1_290' title='bbox 244 2306 402 2330; x_wconf 68' lang='lat' dir='ltr'>affectabant.</span> 
     </span>
    </p>
   </div>
  </div>
 </body>
</html>
