<?xml version="1.0" encoding="UTF-8"?>
<!DOCTYPE html PUBLIC "-//W3C//DTD XHTML 1.0 Transitional//EN"
    "http://www.w3.org/TR/xhtml1/DTD/xhtml1-transitional.dtd">
<html xmlns="http://www.w3.org/1999/xhtml" xml:lang="en" lang="en">
 <head>
  <title>
</title>
<meta http-equiv="Content-Type" content="text/html;charset=utf-8" />
  <meta name='ocr-system' content='tesseract 3.04.00' />
  <meta name='ocr-capabilities' content='ocr_page ocr_carea ocr_par ocr_line ocrx_word'/>
</head>
<body>
  <div class='ocr_page' id='page_1' title='image "./comentumsuperdan04benvuoft_0352.png"; bbox 0 0 1766 2856; ppageno 0'>
   <div class='ocr_carea' id='block_1_1' title="bbox 504 251 1293 284">
    <p class='ocr_par' dir='ltr' id='par_1_1' title="bbox 504 251 1293 284">
     <span class='ocr_line' id='line_1_1' title="bbox 504 251 1293 284; baseline -0.004 0"><span class='ocrx_word' id='word_1_1' title='bbox 504 251 573 284; x_wconf 74' lang='lat'>332</span> <span class='ocrx_word' id='word_1_2' title='bbox 898 256 1101 282; x_wconf 57' lang='lat' dir='ltr'>coum-TUM</span> <span class='ocrx_word' id='word_1_3' title='bbox 1129 256 1293 281; x_wconf 72' lang='lat' dir='ltr'>PARADISI</span> 
     </span>
    </p>
   </div>
   <div class='ocr_carea' id='block_1_2' title="bbox 497 329 1686 2245">
    <p class='ocr_par' dir='ltr' id='par_1_2' title="bbox 497 329 1686 2245">
     <span class='ocr_line' id='line_1_2' title="bbox 503 329 1678 376; baseline -0.003 -8"><span class='ocrx_word' id='word_1_4' title='bbox 503 332 594 368; x_wconf 88' lang='lat' dir='ltr'>idest</span> <span class='ocrx_word' id='word_1_5' title='bbox 629 330 822 376; x_wconf 75' lang='lat' dir='ltr'>respondet</span> <span class='ocrx_word' id='word_1_6' title='bbox 858 329 1049 374; x_wconf 76' lang='lat' dir='ltr'>quaestioni</span> <span class='ocrx_word' id='word_1_7' title='bbox 1090 329 1219 374; x_wconf 82' lang='lat' dir='ltr'>tacitae,</span> <span class='ocrx_word' id='word_1_8' title='bbox 1257 329 1342 374; x_wconf 89' lang='lat' dir='ltr'>quia</span> <span class='ocrx_word' id='word_1_9' title='bbox 1378 332 1521 374; x_wconf 87' lang='lat' dir='ltr'>poterat</span> <span class='ocrx_word' id='word_1_10' title='bbox 1559 329 1678 364; x_wconf 88' lang='lat' dir='ltr'>statim</span> 
     </span>
     <span class='ocr_line' id='line_1_3' title="bbox 502 386 1684 436; baseline -0.002 -9"><span class='ocrx_word' id='word_1_11' title='bbox 502 392 626 428; x_wconf 88' lang='lat' dir='ltr'>obiici:</span> <span class='ocrx_word' id='word_1_12' title='bbox 658 390 753 426; x_wconf 89' lang='lat' dir='ltr'>unde</span> <span class='ocrx_word' id='word_1_13' title='bbox 781 393 834 425; x_wconf 84' lang='lat' dir='ltr'>est</span> <span class='ocrx_word' id='word_1_14' title='bbox 861 390 960 435; x_wconf 91' lang='lat' dir='ltr'>quod</span> <span class='ocrx_word' id='word_1_15' title='bbox 987 393 1061 425; x_wconf 88' lang='lat' dir='ltr'>tam</span> <span class='ocrx_word' id='word_1_16' title='bbox 1090 390 1195 436; x_wconf 87' lang='lat' dir='ltr'>pauci</span> <span class='ocrx_word' id='word_1_17' title='bbox 1212 386 1248 434; x_wconf 53' lang='lat' dir='ltr'>C)</span> <span class='ocrx_word' id='word_1_18' title='bbox 1277 389 1497 435; x_wconf 83' lang='lat' dir='ltr'>perveniunt</span> <span class='ocrx_word' id='word_1_19' title='bbox 1527 389 1573 425; x_wconf 85' lang='lat' dir='ltr'>ad</span> <span class='ocrx_word' id='word_1_20' title='bbox 1607 399 1684 425; x_wconf 90' lang='lat' dir='ltr'>coe-</span> 
     </span>
     <span class='ocr_line' id='line_1_4' title="bbox 502 449 1684 496; baseline -0.002 -10"><span class='ocrx_word' id='word_1_21' title='bbox 502 452 592 496; x_wconf 88' lang='lat' dir='ltr'>lum,</span> <span class='ocrx_word' id='word_1_22' title='bbox 620 451 648 486; x_wconf 75' lang='lat' dir='ltr'>si</span> <span class='ocrx_word' id='word_1_23' title='bbox 676 450 726 486; x_wconf 88' lang='lat' dir='ltr'>sic</span> <span class='ocrx_word' id='word_1_24' title='bbox 745 450 962 485; x_wconf 78' lang='lat' dir='ltr'>naturaliter</span> <span class='ocrx_word' id='word_1_25' title='bbox 980 450 1201 485; x_wconf 81' lang='lat' dir='ltr'>inclinantur</span> <span class='ocrx_word' id='word_1_26' title='bbox 1220 452 1255 485; x_wconf 91' lang='lat' dir='ltr'>et</span> <span class='ocrx_word' id='word_1_27' title='bbox 1278 449 1486 495; x_wconf 88' lang='lat' dir='ltr'>trahuntur,</span> <span class='ocrx_word' id='word_1_28' title='bbox 1511 453 1550 484; x_wconf 91' lang='lat' dir='ltr'>ut</span> <span class='ocrx_word' id='word_1_29' title='bbox 1569 449 1684 485; x_wconf 83' lang='lat' dir='ltr'>dicis?</span> 
     </span>
     <span class='ocr_line' id='line_1_5' title="bbox 503 509 1684 557; baseline -0.001 -11"><span class='ocrx_word' id='word_1_30' title='bbox 503 511 711 557; x_wconf 76' lang='lat' dir='ltr'>Respondit,</span> <span class='ocrx_word' id='word_1_31' title='bbox 741 510 839 556; x_wconf 89' lang='lat' dir='ltr'>quod</span> <span class='ocrx_word' id='word_1_32' title='bbox 866 511 935 546; x_wconf 92' lang='lat' dir='ltr'>hoc</span> <span class='ocrx_word' id='word_1_33' title='bbox 962 514 1015 546; x_wconf 86' lang='lat' dir='ltr'>est</span> <span class='ocrx_word' id='word_1_34' title='bbox 1042 510 1313 546; x_wconf 78' lang='lat' dir='ltr'>accidentaliter</span> <span class='ocrx_word' id='word_1_35' title='bbox 1341 513 1375 545; x_wconf 90' lang='lat' dir='ltr'>et</span> <span class='ocrx_word' id='word_1_36' title='bbox 1402 513 1536 556; x_wconf 84' lang='lat' dir='ltr'>praeter</span> <span class='ocrx_word' id='word_1_37' title='bbox 1565 509 1684 546; x_wconf 88' lang='lat' dir='ltr'>inten-</span> 
     </span>
     <span class='ocr_line' id='line_1_6' title="bbox 503 570 1682 616; baseline -0.002 -10"><span class='ocrx_word' id='word_1_38' title='bbox 503 572 639 607; x_wconf 90' lang='lat' dir='ltr'>tionem</span> <span class='ocrx_word' id='word_1_39' title='bbox 668 574 831 616; x_wconf 78' lang='lat' dir='ltr'>naturae3</span> <span class='ocrx_word' id='word_1_40' title='bbox 860 575 896 607; x_wconf 86' lang='lat' dir='ltr'>et</span> <span class='ocrx_word' id='word_1_41' title='bbox 923 572 990 607; x_wconf 86' lang='lat' dir='ltr'>hoc</span> <span class='ocrx_word' id='word_1_42' title='bbox 1018 571 1173 607; x_wconf 79' lang='lat' dir='ltr'>ostendit</span> <span class='ocrx_word' id='word_1_43' title='bbox 1200 581 1265 616; x_wconf 88' lang='lat' dir='ltr'>per</span> <span class='ocrx_word' id='word_1_44' title='bbox 1288 570 1562 605; x_wconf 90' lang='lat' dir='ltr'>similitudinem</span> <span class='ocrx_word' id='word_1_45' title='bbox 1583 570 1682 615; x_wconf 88' lang='lat' dir='ltr'>artis,</span> 
     </span>
     <span class='ocr_line' id='line_1_7' title="bbox 503 630 1683 679; baseline -0.003 -11"><span class='ocrx_word' id='word_1_46' title='bbox 503 633 589 679; x_wconf 86' lang='lat' dir='ltr'>quia</span> <span class='ocrx_word' id='word_1_47' title='bbox 617 633 699 668; x_wconf 85' lang='lat' dir='ltr'>licet</span> <span class='ocrx_word' id='word_1_48' title='bbox 726 632 828 668; x_wconf 88' lang='lat' dir='ltr'>faber</span> <span class='ocrx_word' id='word_1_49' title='bbox 856 632 1017 667; x_wconf 89' lang='lat' dir='ltr'>intendat</span> <span class='ocrx_word' id='word_1_50' title='bbox 1045 631 1281 667; x_wconf 76' lang='lat' dir='ltr'>introducere</span> <span class='ocrx_word' id='word_1_51' title='bbox 1307 631 1464 666; x_wconf 85' lang='lat' dir='ltr'>formam</span> <span class='ocrx_word' id='word_1_52' title='bbox 1494 630 1628 666; x_wconf 86' lang='lat' dir='ltr'>cultelli</span> <span class='ocrx_word' id='word_1_53' title='bbox 1647 630 1683 665; x_wconf 91' lang='lat' dir='ltr'>in</span> 
     </span>
     <span class='ocr_line' id='line_1_8' title="bbox 503 690 1684 738; baseline -0.002 -10"><span class='ocrx_word' id='word_1_54' title='bbox 503 694 657 738; x_wconf 86' lang='lat' dir='ltr'>serrum,</span> <span class='ocrx_word' id='word_1_55' title='bbox 686 696 809 728; x_wconf 86' lang='lat' dir='ltr'>tamen</span> <span class='ocrx_word' id='word_1_56' title='bbox 838 702 910 727; x_wconf 93' lang='lat' dir='ltr'>non</span> <span class='ocrx_word' id='word_1_57' title='bbox 938 692 1022 727; x_wconf 87' lang='lat' dir='ltr'>facit</span> <span class='ocrx_word' id='word_1_58' title='bbox 1049 692 1077 726; x_wconf 86' lang='lat' dir='ltr'>si</span> <span class='ocrx_word' id='word_1_59' title='bbox 1105 691 1260 727; x_wconf 88' lang='lat' dir='ltr'>materia</span> <span class='ocrx_word' id='word_1_60' title='bbox 1283 701 1356 726; x_wconf 90' lang='lat' dir='ltr'>non</span> <span class='ocrx_word' id='word_1_61' title='bbox 1379 694 1432 726; x_wconf 86' lang='lat' dir='ltr'>est</span> <span class='ocrx_word' id='word_1_62' title='bbox 1450 691 1545 727; x_wconf 89' lang='lat' dir='ltr'>bene</span> <span class='ocrx_word' id='word_1_63' title='bbox 1563 690 1684 737; x_wconf 84' lang='lat' dir='ltr'>dispo-</span> 
     </span>
     <span class='ocr_line' id='line_1_9' title="bbox 503 751 1683 798; baseline -0.003 -10"><span class='ocrx_word' id='word_1_64' title='bbox 503 753 569 788; x_wconf 84' lang='lat' dir='ltr'>sita</span> <span class='ocrx_word' id='word_1_65' title='bbox 588 753 633 788; x_wconf 86' lang='lat' dir='ltr'>ad</span> <span class='ocrx_word' id='word_1_66' title='bbox 657 752 904 798; x_wconf 75' lang='lat' dir='ltr'>receptionem</span> <span class='ocrx_word' id='word_1_67' title='bbox 928 752 1023 786; x_wconf 90' lang='lat' dir='ltr'>illius</span> <span class='ocrx_word' id='word_1_68' title='bbox 1047 752 1185 787; x_wconf 62' lang='lat' dir='ltr'>formas.</span> <span class='ocrx_word' id='word_1_69' title='bbox 1206 751 1340 786; x_wconf 90' lang='lat' dir='ltr'>Ordina</span> <span class='ocrx_word' id='word_1_70' title='bbox 1359 751 1409 786; x_wconf 86' lang='lat' dir='ltr'>sic</span> <span class='ocrx_word' id='word_1_71' title='bbox 1429 751 1590 786; x_wconf 79' lang='lat' dir='ltr'>literani:</span> <span class='ocrx_word' id='word_1_72' title='bbox 1619 753 1683 785; x_wconf 70' lang='lat' dir='ltr'>Ver</span> 
     </span>
     <span class='ocr_line' id='line_1_10' title="bbox 502 811 1683 857; baseline -0.003 -8"><span class='ocrx_word' id='word_1_73' title='bbox 502 812 521 849; x_wconf 62' lang='lat' dir='ltr'>e*</span> <span class='ocrx_word' id='word_1_74' title='bbox 552 814 610 848; x_wconf 70' lang='lat' dir='ltr'>elce</span> <span class='ocrx_word' id='word_1_75' title='bbox 646 815 681 847; x_wconf 81' lang='grc' dir='ltr'>ῖα</span> <span class='ocrx_word' id='word_1_76' title='bbox 713 816 892 855; x_wconf 67' lang='lat' dir='ltr'>creatura,</span> <span class='ocrx_word' id='word_1_77' title='bbox 925 812 1070 857; x_wconf 85' lang='lat' dir='ltr'>scilicet,</span> <span class='ocrx_word' id='word_1_78' title='bbox 1100 812 1296 857; x_wconf 87' lang='lat' dir='ltr'>rationalis,</span> <span class='ocrx_word' id='word_1_79' title='bbox 1324 811 1414 847; x_wconf 85' lang='lat' dir='ltr'>idest</span> <span class='ocrx_word' id='word_1_80' title='bbox 1441 812 1562 857; x_wconf 89' lang='lat' dir='ltr'>homo,</span> <span class='ocrx_word' id='word_1_81' title='bbox 1595 812 1683 846; x_wconf 81' lang='lat' dir='ltr'>c&#39;ha</span> 
     </span>
     <span class='ocr_line' id='line_1_11' title="bbox 498 869 1683 919; baseline -0.003 -10"><span class='ocrx_word' id='word_1_82' title='bbox 498 879 618 919; x_wconf 74' lang='lat' dir='ltr'>potere</span> <span class='ocrx_word' id='word_1_83' title='bbox 636 875 673 908; x_wconf 70' lang='lat' dir='ltr'>&lt;li</span> <span class='ocrx_word' id='word_1_84' title='bbox 687 874 846 918; x_wconf 74' lang='lat' dir='ltr'>pieyare,</span> <span class='ocrx_word' id='word_1_85' title='bbox 867 884 889 908; x_wconf 88' lang='lat' dir='ltr'>a</span> <span class='ocrx_word' id='word_1_86' title='bbox 911 883 1024 908; x_wconf 88' lang='lat' dir='ltr'>cursu</span> <span class='ocrx_word' id='word_1_87' title='bbox 1044 876 1156 918; x_wconf 88' lang='lat' dir='ltr'>recto,</span> <span class='ocrx_word' id='word_1_88' title='bbox 1179 869 1248 907; x_wconf 72' lang='lat' dir='ltr'>cosi</span> <span class='ocrx_word' id='word_1_89' title='bbox 1262 874 1376 917; x_wconf 71' lang='lat' dir='ltr'>pinta,</span> <span class='ocrx_word' id='word_1_90' title='bbox 1399 874 1434 907; x_wconf 78' lang='lat' dir='ltr'>in</span> <span class='ocrx_word' id='word_1_91' title='bbox 1454 873 1548 907; x_wconf 74' lang='lat' dir='ltr'>altra</span> <span class='ocrx_word' id='word_1_92' title='bbox 1564 875 1683 917; x_wconf 78' lang='lat' dir='ltr'>parte,</span> 
     </span>
     <span class='ocr_line' id='line_1_12' title="bbox 502 932 1682 978; baseline -0.002 -10"><span class='ocrx_word' id='word_1_93' title='bbox 502 934 647 978; x_wconf 84' lang='lat' dir='ltr'>scilicet,</span> <span class='ocrx_word' id='word_1_94' title='bbox 683 933 822 978; x_wconf 88' lang='lat' dir='ltr'>falsam,</span> <span class='ocrx_word' id='word_1_95' title='bbox 857 933 1046 968; x_wconf 84' lang='lat' dir='ltr'>fortuitam</span> <span class='ocrx_word' id='word_1_96' title='bbox 1084 932 1305 977; x_wconf 81' lang='lat' dir='ltr'>felicitatem,</span> <span class='ocrx_word' id='word_1_97' title='bbox 1339 932 1432 967; x_wconf 87' lang='lat' dir='ltr'>hanc</span> <span class='ocrx_word' id='word_1_98' title='bbox 1465 935 1682 978; x_wconf 87' lang='lat' dir='ltr'>potestatem</span> 
     </span>
     <span class='ocr_line' id='line_1_13' title="bbox 501 991 1684 1040; baseline -0.002 -11"><span class='ocrx_word' id='word_1_99' title='bbox 501 994 610 1029; x_wconf 85' lang='lat' dir='ltr'>habet</span> <span class='ocrx_word' id='word_1_100' title='bbox 638 997 787 1040; x_wconf 87' lang='lat' dir='ltr'>propter</span> <span class='ocrx_word' id='word_1_101' title='bbox 814 993 972 1029; x_wconf 83' lang='lat' dir='ltr'>liberum</span> <span class='ocrx_word' id='word_1_102' title='bbox 992 993 1200 1038; x_wconf 77' lang='lat' dir='ltr'>arbitrium,</span> <span class='ocrx_word' id='word_1_103' title='bbox 1220 1003 1294 1038; x_wconf 91' lang='lat' dir='ltr'>quo</span> <span class='ocrx_word' id='word_1_104' title='bbox 1314 992 1457 1028; x_wconf 90' lang='lat' dir='ltr'>nullum</span> <span class='ocrx_word' id='word_1_105' title='bbox 1480 991 1600 1027; x_wconf 89' lang='lat' dir='ltr'>maius</span> <span class='ocrx_word' id='word_1_106' title='bbox 1618 991 1684 1027; x_wconf 87' lang='lat' dir='ltr'>do-</span> 
     </span>
     <span class='ocr_line' id='line_1_14' title="bbox 502 1052 1684 1099; baseline -0.003 -9"><span class='ocrx_word' id='word_1_107' title='bbox 502 1065 590 1090; x_wconf 86' lang='lat' dir='ltr'>num</span> <span class='ocrx_word' id='word_1_108' title='bbox 620 1054 718 1090; x_wconf 89' lang='lat' dir='ltr'>Deus</span> <span class='ocrx_word' id='word_1_109' title='bbox 746 1053 843 1089; x_wconf 86' lang='lat' dir='ltr'>dedit</span> <span class='ocrx_word' id='word_1_110' title='bbox 870 1053 1020 1098; x_wconf 85' lang='lat' dir='ltr'>homini,</span> <span class='ocrx_word' id='word_1_111' title='bbox 1048 1053 1143 1089; x_wconf 89' lang='lat' dir='ltr'>sicut</span> <span class='ocrx_word' id='word_1_112' title='bbox 1169 1054 1243 1099; x_wconf 86' lang='lat' dir='ltr'>ipse</span> <span class='ocrx_word' id='word_1_113' title='bbox 1270 1057 1378 1089; x_wconf 83' lang='lat' dir='ltr'>autor</span> <span class='ocrx_word' id='word_1_114' title='bbox 1405 1053 1489 1088; x_wconf 89' lang='lat' dir='ltr'>dicit</span> <span class='ocrx_word' id='word_1_115' title='bbox 1512 1052 1603 1088; x_wconf 87' lang='lat' dir='ltr'>infra</span> <span class='ocrx_word' id='word_1_116' title='bbox 1622 1061 1684 1088; x_wconf 85' lang='lat' dir='ltr'>ca-</span> 
     </span>
     <span class='ocr_line' id='line_1_15' title="bbox 502 1112 1683 1161; baseline -0.001 -13"><span class='ocrx_word' id='word_1_117' title='bbox 502 1115 616 1161; x_wconf 88' lang='lat' dir='ltr'>pitulo</span> <span class='ocrx_word' id='word_1_118' title='bbox 645 1114 673 1149; x_wconf 81' lang='lat' dir='ltr'>V</span> <span class='ocrx_word' id='word_1_119' title='bbox 701 1114 810 1149; x_wconf 89' lang='lat' dir='ltr'>huius</span> <span class='ocrx_word' id='word_1_120' title='bbox 838 1114 931 1158; x_wconf 81' lang='lat' dir='ltr'>libri,</span> <span class='ocrx_word' id='word_1_121' title='bbox 957 1116 988 1148; x_wconf 75' lang='lat' dir='ltr'>si</span> <span class='ocrx_word' id='word_1_122' title='bbox 1014 1115 1151 1158; x_wconf 74' lang='lat' dir='ltr'>(liparle</span> <span class='ocrx_word' id='word_1_123' title='bbox 1176 1115 1224 1149; x_wconf 75' lang='grc' dir='ltr'>(Ια</span> <span class='ocrx_word' id='word_1_124' title='bbox 1251 1118 1367 1158; x_wconf 72' lang='lat' dir='ltr'>questo</span> <span class='ocrx_word' id='word_1_125' title='bbox 1394 1124 1510 1157; x_wconf 76' lang='lat' dir='ltr'>corso,</span> <span class='ocrx_word' id='word_1_126' title='bbox 1537 1112 1683 1158; x_wconf 83' lang='lat' dir='ltr'>scilicet,</span> 
     </span>
     <span class='ocr_line' id='line_1_16' title="bbox 503 1170 1683 1221; baseline -0.001 -11"><span class='ocrx_word' id='word_1_127' title='bbox 503 1175 639 1211; x_wconf 81' lang='lat' dir='ltr'>ordinis</span> <span class='ocrx_word' id='word_1_128' title='bbox 658 1174 897 1221; x_wconf 77' lang='lat' dir='ltr'>providentiae</span> <span class='ocrx_word' id='word_1_129' title='bbox 912 1170 948 1218; x_wconf 52' lang='lat' dir='ltr'>f)</span> <span class='ocrx_word' id='word_1_130' title='bbox 964 1174 1157 1219; x_wconf 82' lang='lat' dir='ltr'>Creatoris,</span> <span class='ocrx_word' id='word_1_131' title='bbox 1174 1176 1278 1218; x_wconf 75' lang='lat' dir='ltr'>talor,</span> <span class='ocrx_word' id='word_1_132' title='bbox 1295 1174 1368 1209; x_wconf 90' lang='lat' dir='ltr'>imo</span> <span class='ocrx_word' id='word_1_133' title='bbox 1390 1173 1683 1219; x_wconf 80' lang='lat' dir='ltr'>frequentissime</span> 
     </span>
     <span class='ocr_line' id='line_1_17' title="bbox 505 1231 1683 1281; baseline -0.002 -11"><span class='ocrx_word' id='word_1_134' title='bbox 505 1239 653 1281; x_wconf 88' lang='lat' dir='ltr'>propter</span> <span class='ocrx_word' id='word_1_135' title='bbox 680 1234 816 1280; x_wconf 88' lang='lat' dir='ltr'>aliquid</span> <span class='ocrx_word' id='word_1_136' title='bbox 843 1245 1021 1280; x_wconf 85' lang='lat' dir='ltr'>apparens</span> <span class='ocrx_word' id='word_1_137' title='bbox 1049 1235 1199 1280; x_wconf 86' lang='lat' dir='ltr'>bonum,</span> <span class='ocrx_word' id='word_1_138' title='bbox 1231 1231 1301 1269; x_wconf 66' lang='lat' dir='ltr'>cosi</span> <span class='ocrx_word' id='word_1_139' title='bbox 1333 1245 1429 1269; x_wconf 81' lang='lat' dir='ltr'>come</span> <span class='ocrx_word' id='word_1_140' title='bbox 1460 1237 1581 1280; x_wconf 77' lang='lat' dir='ltr'>forma</span> <span class='ocrx_word' id='word_1_141' title='bbox 1611 1244 1683 1269; x_wconf 71' lang='lat' dir='ltr'>non</span> 
     </span>
     <span class='ocr_line' id='line_1_18' title="bbox 501 1295 1683 1340; baseline -0.002 -10"><span class='ocrx_word' id='word_1_142' title='bbox 501 1296 712 1339; x_wconf 59' lang='lat' dir='ltr'>§ac-corda,</span> <span class='ocrx_word' id='word_1_143' title='bbox 739 1295 841 1340; x_wconf 89' lang='lat' dir='ltr'>idest,</span> <span class='ocrx_word' id='word_1_144' title='bbox 870 1305 941 1330; x_wconf 90' lang='lat' dir='ltr'>non</span> <span class='ocrx_word' id='word_1_145' title='bbox 976 1295 1156 1340; x_wconf 68' lang='lat' dir='ltr'>convenit,</span> <span class='ocrx_word' id='word_1_146' title='bbox 1194 1296 1295 1329; x_wconf 80' lang='lat' dir='ltr'>molle</span> <span class='ocrx_word' id='word_1_147' title='bbox 1322 1295 1405 1339; x_wconf 76' lang='lat' dir='ltr'>fiale</span> <span class='ocrx_word' id='word_1_148' title='bbox 1435 1296 1683 1329; x_wconf 67' lang='lat' dir='ltr'>ctll&#39;inlenzion</span> 
     </span>
     <span class='ocr_line' id='line_1_19' title="bbox 504 1353 1683 1401; baseline 0 -11"><span class='ocrx_word' id='word_1_149' title='bbox 504 1357 581 1391; x_wconf 79' lang='lat' dir='ltr'>clell’</span> <span class='ocrx_word' id='word_1_150' title='bbox 597 1360 685 1400; x_wconf 72' lang='lat' dir='ltr'>arte,</span> <span class='ocrx_word' id='word_1_151' title='bbox 716 1355 817 1400; x_wconf 82' lang='lat' dir='ltr'>idest,</span> <span class='ocrx_word' id='word_1_152' title='bbox 845 1355 1005 1401; x_wconf 83' lang='lat' dir='ltr'>artificis,</span> <span class='ocrx_word' id='word_1_153' title='bbox 1028 1353 1156 1400; x_wconf 62' lang='lat' dir='ltr'>perche*</span> <span class='ocrx_word' id='word_1_154' title='bbox 1182 1356 1217 1389; x_wconf 84' lang='grc' dir='ltr'>[α</span> <span class='ocrx_word' id='word_1_155' title='bbox 1244 1355 1392 1389; x_wconf 70' lang='lat' dir='ltr'>materia</span> <span class='ocrx_word' id='word_1_156' title='bbox 1419 1353 1439 1390; x_wconf 61' lang='lat' dir='ltr'>e*</span> <span class='ocrx_word' id='word_1_157' title='bbox 1463 1356 1571 1390; x_wconf 75' lang='lat' dir='ltr'>sorcla</span> <span class='ocrx_word' id='word_1_158' title='bbox 1591 1365 1613 1389; x_wconf 84' lang='lat' dir='ltr'><em>a</em></span> <span class='ocrx_word' id='word_1_159' title='bbox 1631 1357 1683 1390; x_wconf 77' lang='lat' dir='ltr'>ri-</span> 
     </span>
     <span class='ocr_line' id='line_1_20' title="bbox 502 1415 1684 1462; baseline 0 -12"><span class='ocrx_word' id='word_1_160' title='bbox 502 1417 668 1461; x_wconf 75' lang='lat' dir='ltr'>sponcler,</span> <span class='ocrx_word' id='word_1_161' title='bbox 698 1416 799 1462; x_wconf 84' lang='lat' dir='ltr'>idest,</span> <span class='ocrx_word' id='word_1_162' title='bbox 829 1415 1048 1462; x_wconf 80' lang='lat' dir='ltr'>indisposita,</span> <span class='ocrx_word' id='word_1_163' title='bbox 1077 1415 1299 1460; x_wconf 88' lang='lat' dir='ltr'>inobediens,</span> <span class='ocrx_word' id='word_1_164' title='bbox 1327 1415 1419 1450; x_wconf 89' lang='lat' dir='ltr'>sicut</span> <span class='ocrx_word' id='word_1_165' title='bbox 1441 1415 1587 1460; x_wconf 85' lang='lat' dir='ltr'>quando</span> <span class='ocrx_word' id='word_1_166' title='bbox 1609 1415 1684 1451; x_wconf 89' lang='lat' dir='ltr'>fer-</span> 
     </span>
     <span class='ocr_line' id='line_1_21' title="bbox 504 1475 1684 1523; baseline 0.001 -12"><span class='ocrx_word' id='word_1_167' title='bbox 504 1487 587 1511; x_wconf 90' lang='lat' dir='ltr'>rum</span> <span class='ocrx_word' id='word_1_168' title='bbox 615 1487 688 1512; x_wconf 91' lang='lat' dir='ltr'>non</span> <span class='ocrx_word' id='word_1_169' title='bbox 715 1480 769 1512; x_wconf 81' lang='lat' dir='ltr'>est</span> <span class='ocrx_word' id='word_1_170' title='bbox 796 1477 890 1512; x_wconf 87' lang='lat' dir='ltr'>hene</span> <span class='ocrx_word' id='word_1_171' title='bbox 917 1476 1086 1523; x_wconf 84' lang='lat' dir='ltr'>ignitum,</span> <span class='ocrx_word' id='word_1_172' title='bbox 1105 1476 1155 1512; x_wconf 90' lang='lat' dir='ltr'>ita</span> <span class='ocrx_word' id='word_1_173' title='bbox 1178 1476 1288 1511; x_wconf 88' lang='lat' dir='ltr'>homo</span> <span class='ocrx_word' id='word_1_174' title='bbox 1309 1486 1381 1510; x_wconf 92' lang='lat' dir='ltr'>non</span> <span class='ocrx_word' id='word_1_175' title='bbox 1401 1475 1535 1522; x_wconf 84' lang='lat' dir='ltr'>ignitus</span> <span class='ocrx_word' id='word_1_176' title='bbox 1554 1486 1684 1512; x_wconf 89' lang='lat' dir='ltr'>amore</span> 
     </span>
     <span class='ocr_line' id='line_1_22' title="bbox 502 1536 1686 1582; baseline 0 -10"><span class='ocrx_word' id='word_1_177' title='bbox 502 1537 622 1572; x_wconf 69' lang='lat' dir='ltr'>divino</span> <span class='ocrx_word' id='word_1_178' title='bbox 651 1547 724 1572; x_wconf 89' lang='lat' dir='ltr'>non</span> <span class='ocrx_word' id='word_1_179' title='bbox 752 1537 946 1582; x_wconf 84' lang='lat' dir='ltr'>respondet</span> <span class='ocrx_word' id='word_1_180' title='bbox 974 1536 1091 1572; x_wconf 90' lang='lat' dir='ltr'>ordini</span> <span class='ocrx_word' id='word_1_181' title='bbox 1119 1536 1303 1582; x_wconf 66' lang='lat' dir='ltr'>praedicto.</span> <span class='ocrx_word' id='word_1_182' title='bbox 1333 1537 1375 1571; x_wconf 88' lang='lat' dir='ltr'>Et</span> <span class='ocrx_word' id='word_1_183' title='bbox 1402 1536 1457 1571; x_wconf 89' lang='lat' dir='ltr'>hic</span> <span class='ocrx_word' id='word_1_184' title='bbox 1485 1540 1571 1572; x_wconf 87' lang='lat' dir='ltr'>nota</span> <span class='ocrx_word' id='word_1_185' title='bbox 1589 1536 1686 1572; x_wconf 88' lang='lat' dir='ltr'>hene</span> 
     </span>
     <span class='ocr_line' id='line_1_23' title="bbox 503 1597 1682 1644; baseline -0.001 -11"><span class='ocrx_word' id='word_1_186' title='bbox 503 1598 601 1643; x_wconf 85' lang='lat' dir='ltr'>quod</span> <span class='ocrx_word' id='word_1_187' title='bbox 629 1598 816 1644; x_wconf 83' lang='lat' dir='ltr'>eleganter</span> <span class='ocrx_word' id='word_1_188' title='bbox 843 1597 926 1632; x_wconf 89' lang='lat' dir='ltr'>dicit</span> <span class='ocrx_word' id='word_1_189' title='bbox 949 1597 1153 1632; x_wconf 82' lang='lat' dir='ltr'>Chalcidius</span> <span class='ocrx_word' id='word_1_190' title='bbox 1172 1606 1283 1642; x_wconf 89' lang='lat' dir='ltr'>super</span> <span class='ocrx_word' id='word_1_191' title='bbox 1303 1597 1481 1632; x_wconf 81' lang='lat' dir='ltr'>Timaeum</span> <span class='ocrx_word' id='word_1_192' title='bbox 1502 1597 1682 1632; x_wconf 85' lang='lat' dir='ltr'>Platonis:</span> 
     </span>
     <span class='ocr_line' id='line_1_24' title="bbox 502 1652 1685 1702; baseline -0.001 -10"><span class='ocrx_word' id='word_1_193' title='bbox 502 1659 614 1692; x_wconf 71' lang='lat' dir='ltr'>omtzis</span> <span class='ocrx_word' id='word_1_194' title='bbox 641 1659 760 1692; x_wconf 78' lang='grc' dir='ltr'>αηὶηια</span> <span class='ocrx_word' id='word_1_195' title='bbox 776 1652 812 1701; x_wconf 53' lang='lat'>(³)</span> <span class='ocrx_word' id='word_1_196' title='bbox 836 1659 1014 1702; x_wconf 71' lang='lat' dir='ltr'>particeps</span> <span class='ocrx_word' id='word_1_197' title='bbox 1041 1658 1229 1691; x_wconf 66' lang='lat' dir='ltr'>‹licinicczcis</span> <span class='ocrx_word' id='word_1_198' title='bbox 1251 1658 1409 1691; x_wconf 73' lang='grc' dir='ltr'><em>ηαίιιναίί</em></span> <span class='ocrx_word' id='word_1_199' title='bbox 1426 1659 1575 1701; x_wconf 71' lang='lat' dir='ltr'>appetitu</span> <span class='ocrx_word' id='word_1_200' title='bbox 1596 1667 1685 1692; x_wconf 83' lang='lat' dir='ltr'>sem—</span> 
     </span>
     <span class='ocr_line' id='line_1_25' title="bbox 497 1717 1683 1763; baseline 0 -11"><span class='ocrx_word' id='word_1_201' title='bbox 497 1729 564 1763; x_wconf 78' lang='lat' dir='ltr'>per</span> <span class='ocrx_word' id='word_1_202' title='bbox 601 1719 736 1762; x_wconf 75' lang='lat' dir='ltr'>quidem</span> <span class='ocrx_word' id='word_1_203' title='bbox 773 1718 900 1752; x_wconf 76' lang='lat' dir='ltr'>bonum</span> <span class='ocrx_word' id='word_1_204' title='bbox 936 1719 1070 1761; x_wconf 36' lang='lat' dir='ltr'>crz‘pelc&#39;l.</span> <span class='ocrx_word' id='word_1_205' title='bbox 1108 1717 1215 1752; x_wconf 86' lang='lat' dir='ltr'>Errat</span> <span class='ocrx_word' id='word_1_206' title='bbox 1252 1721 1375 1752; x_wconf 87' lang='lat' dir='ltr'>tamen</span> <span class='ocrx_word' id='word_1_207' title='bbox 1411 1717 1608 1762; x_wconf 86' lang='lat' dir='ltr'>aliquando</span> <span class='ocrx_word' id='word_1_208' title='bbox 1648 1717 1683 1752; x_wconf 91' lang='lat' dir='ltr'>in</span> 
     </span>
     <span class='ocr_line' id='line_1_26' title="bbox 497 1777 1683 1825; baseline -0.001 -12"><span class='ocrx_word' id='word_1_209' title='bbox 497 1778 635 1825; x_wconf 84' lang='lat' dir='ltr'>judicio</span> <span class='ocrx_word' id='word_1_210' title='bbox 663 1778 847 1813; x_wconf 87' lang='lat' dir='ltr'>bonorum</span> <span class='ocrx_word' id='word_1_211' title='bbox 875 1780 910 1813; x_wconf 89' lang='lat' dir='ltr'>et</span> <span class='ocrx_word' id='word_1_212' title='bbox 945 1778 1147 1821; x_wconf 75' lang='lat' dir='ltr'>malorum3</span> <span class='ocrx_word' id='word_1_213' title='bbox 1176 1788 1261 1812; x_wconf 87' lang='lat' dir='ltr'>nam</span> <span class='ocrx_word' id='word_1_214' title='bbox 1289 1777 1349 1812; x_wconf 87' lang='lat' dir='ltr'>alii</span> <span class='ocrx_word' id='word_1_215' title='bbox 1383 1780 1550 1812; x_wconf 90' lang='lat' dir='ltr'>nostrum</span> <span class='ocrx_word' id='word_1_216' title='bbox 1580 1788 1683 1812; x_wconf 89' lang='lat' dir='ltr'>sum-</span> 
     </span>
     <span class='ocr_line' id='line_1_27' title="bbox 503 1837 1682 1885; baseline 0 -12"><span class='ocrx_word' id='word_1_217' title='bbox 503 1849 606 1873; x_wconf 88' lang='lat' dir='ltr'>mum</span> <span class='ocrx_word' id='word_1_218' title='bbox 627 1839 765 1873; x_wconf 87' lang='lat' dir='ltr'>bonum</span> <span class='ocrx_word' id='word_1_219' title='bbox 786 1838 1011 1883; x_wconf 64' lang='lat' dir='ltr'>voluptatem</span> <span class='ocrx_word' id='word_1_220' title='bbox 1032 1841 1171 1883; x_wconf 89' lang='lat' dir='ltr'>putant,</span> <span class='ocrx_word' id='word_1_221' title='bbox 1191 1837 1250 1873; x_wconf 89' lang='lat' dir='ltr'>alii</span> <span class='ocrx_word' id='word_1_222' title='bbox 1269 1837 1421 1883; x_wconf 72' lang='lat' dir='ltr'>divitias,</span> <span class='ocrx_word' id='word_1_223' title='bbox 1437 1837 1496 1873; x_wconf 89' lang='lat' dir='ltr'>alii</span> <span class='ocrx_word' id='word_1_224' title='bbox 1512 1838 1682 1885; x_wconf 80' lang='lat' dir='ltr'>gloriam,</span> 
     </span>
     <span class='ocr_line' id='line_1_28' title="bbox 502 1898 1683 1945; baseline 0 -11"><span class='ocrx_word' id='word_1_225' title='bbox 502 1902 539 1934; x_wconf 88' lang='lat' dir='ltr'>et</span> <span class='ocrx_word' id='word_1_226' title='bbox 566 1899 689 1934; x_wconf 88' lang='lat' dir='ltr'>omnia</span> <span class='ocrx_word' id='word_1_227' title='bbox 716 1898 833 1945; x_wconf 81' lang='lat' dir='ltr'>magis</span> <span class='ocrx_word' id='word_1_228' title='bbox 856 1909 967 1943; x_wconf 77' lang='lat' dir='ltr'>quain</span> <span class='ocrx_word' id='word_1_229' title='bbox 988 1898 1106 1944; x_wconf 90' lang='lat' dir='ltr'>ipsum</span> <span class='ocrx_word' id='word_1_230' title='bbox 1127 1908 1259 1934; x_wconf 78' lang='lat' dir='ltr'>verum</span> <span class='ocrx_word' id='word_1_231' title='bbox 1280 1898 1431 1933; x_wconf 88' lang='lat' dir='ltr'>bonum.</span> <span class='ocrx_word' id='word_1_232' title='bbox 1454 1898 1570 1933; x_wconf 89' lang='lat' dir='ltr'>Huius</span> <span class='ocrx_word' id='word_1_233' title='bbox 1590 1898 1683 1934; x_wconf 89' lang='lat' dir='ltr'>ratio</span> 
     </span>
     <span class='ocr_line' id='line_1_29' title="bbox 503 1958 1682 2004; baseline 0.001 -10"><span class='ocrx_word' id='word_1_234' title='bbox 503 1962 558 1994; x_wconf 86' lang='lat' dir='ltr'>est</span> <span class='ocrx_word' id='word_1_235' title='bbox 585 1959 669 2004; x_wconf 84' lang='lat' dir='ltr'>quia</span> <span class='ocrx_word' id='word_1_236' title='bbox 697 1958 817 1994; x_wconf 84' lang='lat' dir='ltr'>statim</span> <span class='ocrx_word' id='word_1_237' title='bbox 848 1958 923 2004; x_wconf 87' lang='lat' dir='ltr'>ipso</span> <span class='ocrx_word' id='word_1_238' title='bbox 950 1961 1035 1993; x_wconf 86' lang='lat' dir='ltr'>ortu</span> <span class='ocrx_word' id='word_1_239' title='bbox 1064 1958 1233 1994; x_wconf 81' lang='lat' dir='ltr'>venimus</span> <span class='ocrx_word' id='word_1_240' title='bbox 1251 1958 1287 1993; x_wconf 94' lang='lat' dir='ltr'>in</span> <span class='ocrx_word' id='word_1_241' title='bbox 1308 1959 1429 1994; x_wconf 86' lang='lat' dir='ltr'>lucem</span> <span class='ocrx_word' id='word_1_242' title='bbox 1450 1969 1535 1994; x_wconf 91' lang='lat' dir='ltr'>cum</span> <span class='ocrx_word' id='word_1_243' title='bbox 1555 1958 1682 1995; x_wconf 83' lang='lat' dir='ltr'>dolore</span> 
     </span>
     <span class='ocr_line' id='line_1_30' title="bbox 503 2018 1682 2065; baseline -0.001 -10"><span class='ocrx_word' id='word_1_244' title='bbox 503 2030 548 2055; x_wconf 80' lang='lat' dir='ltr'>ex</span> <span class='ocrx_word' id='word_1_245' title='bbox 576 2019 655 2054; x_wconf 89' lang='lat' dir='ltr'>loco</span> <span class='ocrx_word' id='word_1_246' title='bbox 689 2019 805 2054; x_wconf 87' lang='lat' dir='ltr'>calido</span> <span class='ocrx_word' id='word_1_247' title='bbox 834 2018 869 2053; x_wconf 94' lang='lat' dir='ltr'>in</span> <span class='ocrx_word' id='word_1_248' title='bbox 903 2018 1088 2065; x_wconf 81' lang='lat' dir='ltr'>frigidum,</span> <span class='ocrx_word' id='word_1_249' title='bbox 1117 2018 1198 2054; x_wconf 90' lang='lat' dir='ltr'>ideo</span> <span class='ocrx_word' id='word_1_250' title='bbox 1225 2019 1345 2054; x_wconf 88' lang='lat' dir='ltr'>statim</span> <span class='ocrx_word' id='word_1_251' title='bbox 1378 2019 1524 2054; x_wconf 86' lang='lat' dir='ltr'>solertia</span> <span class='ocrx_word' id='word_1_252' title='bbox 1559 2019 1682 2054; x_wconf 88' lang='lat' dir='ltr'>obste-</span> 
     </span>
     <span class='ocr_line' id='line_1_31' title="bbox 503 2078 1683 2124; baseline -0.001 -10"><span class='ocrx_word' id='word_1_253' title='bbox 503 2080 600 2115; x_wconf 85' lang='lat' dir='ltr'>tricis</span> <span class='ocrx_word' id='word_1_254' title='bbox 628 2080 726 2115; x_wconf 74' lang='lat' dir='ltr'>fovet</span> <span class='ocrx_word' id='word_1_255' title='bbox 753 2082 880 2114; x_wconf 87' lang='lat' dir='ltr'>natum</span> <span class='ocrx_word' id='word_1_256' title='bbox 908 2089 1005 2124; x_wconf 86' lang='lat' dir='ltr'>aqua</span> <span class='ocrx_word' id='word_1_257' title='bbox 1034 2078 1160 2124; x_wconf 88' lang='lat' dir='ltr'>calida,</span> <span class='ocrx_word' id='word_1_258' title='bbox 1189 2089 1262 2124; x_wconf 84' lang='lat' dir='ltr'>qua</span> <span class='ocrx_word' id='word_1_259' title='bbox 1291 2078 1406 2114; x_wconf 85' lang='lat' dir='ltr'>infans</span> <span class='ocrx_word' id='word_1_260' title='bbox 1425 2078 1600 2114; x_wconf 88' lang='lat' dir='ltr'>continuo</span> <span class='ocrx_word' id='word_1_261' title='bbox 1618 2079 1683 2114; x_wconf 89' lang='lat' dir='ltr'>de-</span> 
     </span>
     <span class='ocr_line' id='line_1_32' title="bbox 503 2138 1681 2188; baseline 0 -14"><span class='ocrx_word' id='word_1_262' title='bbox 503 2140 669 2184; x_wconf 86' lang='lat' dir='ltr'>lectatur,</span> <span class='ocrx_word' id='word_1_263' title='bbox 698 2143 733 2174; x_wconf 87' lang='lat' dir='ltr'>et</span> <span class='ocrx_word' id='word_1_264' title='bbox 768 2140 818 2175; x_wconf 89' lang='lat' dir='ltr'>sic</span> <span class='ocrx_word' id='word_1_265' title='bbox 846 2139 881 2174; x_wconf 89' lang='lat' dir='ltr'>in</span> <span class='ocrx_word' id='word_1_266' title='bbox 908 2139 1026 2188; x_wconf 83' lang='lat' dir='ltr'>prima</span> <span class='ocrx_word' id='word_1_267' title='bbox 1053 2139 1194 2185; x_wconf 85' lang='lat' dir='ltr'>origine</span> <span class='ocrx_word' id='word_1_268' title='bbox 1222 2138 1372 2184; x_wconf 89' lang='lat' dir='ltr'>percipit</span> <span class='ocrx_word' id='word_1_269' title='bbox 1403 2138 1681 2174; x_wconf 87' lang='lat' dir='ltr'>delectationem</span> 
     </span>
     <span class='ocr_line' id='line_1_33' title="bbox 501 2198 1680 2245; baseline 0 -11"><span class='ocrx_word' id='word_1_270' title='bbox 501 2199 730 2244; x_wconf 77' lang='lat' dir='ltr'>sensibilem3</span> <span class='ocrx_word' id='word_1_271' title='bbox 759 2199 887 2235; x_wconf 88' lang='lat' dir='ltr'>deinde</span> <span class='ocrx_word' id='word_1_272' title='bbox 915 2209 1050 2245; x_wconf 83' lang='lat' dir='ltr'>sugens</span> <span class='ocrx_word' id='word_1_273' title='bbox 1088 2199 1143 2234; x_wconf 88' lang='lat' dir='ltr'>lac</span> <span class='ocrx_word' id='word_1_274' title='bbox 1178 2198 1294 2245; x_wconf 85' lang='lat' dir='ltr'>magis</span> <span class='ocrx_word' id='word_1_275' title='bbox 1330 2198 1451 2244; x_wconf 87' lang='lat' dir='ltr'>incipit</span> <span class='ocrx_word' id='word_1_276' title='bbox 1484 2198 1680 2244; x_wconf 88' lang='lat' dir='ltr'>delectari;</span> 
     </span>
    </p>
   </div>
   <div class='ocr_carea' id='block_1_3' title="bbox 510 2283 1680 2286">
    <p class='ocr_par' dir='ltr' id='par_1_3' title="bbox 510 2283 1680 2286">
     <span class='ocr_line' id='line_1_34' title="bbox 510 2283 1680 2286; baseline 0 0"><span class='ocrx_word' id='word_1_277' title='bbox 510 2283 1680 2286; x_wconf 95' lang='lat' dir='ltr'> </span> 
     </span>
    </p>
   </div>
   <div class='ocr_carea' id='block_1_4' title="bbox 564 2329 1623 2360">
    <p class='ocr_par' dir='ltr' id='par_1_4' title="bbox 564 2329 1623 2360">
     <span class='ocr_line' id='line_1_35' title="bbox 564 2329 1623 2360; baseline 0.001 -9"><span class='ocrx_word' id='word_1_278' title='bbox 564 2329 590 2358; x_wconf 75' lang='lat'>(¹)</span> <span class='ocrx_word' id='word_1_279' title='bbox 608 2329 632 2352; x_wconf 72' lang='lat' dir='ltr'>S.</span> <span class='ocrx_word' id='word_1_280' title='bbox 651 2329 725 2358; x_wconf 79' lang='lat' dir='ltr'>pauci</span> <span class='ocrx_word' id='word_1_281' title='bbox 743 2332 924 2359; x_wconf 75' lang='lat' dir='ltr'>pervenerunt.</span> <span class='ocrx_word' id='word_1_282' title='bbox 1053 2329 1079 2358; x_wconf 53' lang='grc' dir='ltr'>(ἢ</span> <span class='ocrx_word' id='word_1_283' title='bbox 1099 2332 1120 2357; x_wconf 66' lang='lat' dir='ltr'>t,</span> <span class='ocrx_word' id='word_1_284' title='bbox 1140 2330 1304 2360; x_wconf 74' lang='lat' dir='ltr'>providentis.</span> <span class='ocrx_word' id='word_1_285' title='bbox 1432 2329 1457 2359; x_wconf 67' lang='grc' dir='ltr'>ξ’]</span> <span class='ocrx_word' id='word_1_286' title='bbox 1476 2332 1498 2358; x_wconf 67' lang='grc'>4,</span> <span class='ocrx_word' id='word_1_287' title='bbox 1516 2330 1623 2353; x_wconf 81' lang='lat' dir='ltr'>animal.</span> 
     </span>
    </p>
   </div>
  </div>
 </body>
</html>
