1766 2856
525 252 568 282 50
881 253 1085 280 COMENTUM
1112 252 1332 277 PERGATORII

524 329 743 373 animarum,
783 327 928 362 dicens:
965 326 1148 368 ciascuna,
1186 323 1330 359 illarum
1370 323 1591 369 animarum,
1631 334 1694 359 era

523 399 650 424 oscum
683 399 700 423 e
734 397 822 422 cara
858 387 949 429 neyli
975 386 1081 428 oeclzt,
1109 388 1257 430 propter
1288 384 1424 419 famem
1459 384 1539 429 plus
1570 389 1695 421 tamen

523 452 558 484 et
592 449 712 483 minus
743 446 946 482 secundum
983 444 1265 492 profunditatem
1297 444 1405 490 gulae,
1441 445 1578 488 pallida
1605 444 1695 478 nella

519 509 644 553 faccia,
674 510 820 553 propter
847 505 1048 542 carentiam
1073 504 1270 550 sauguinis,
1298 516 1315 539 e
1333 507 1428 538 [tinto
1446 514 1574 547 scema,
1592 503 1695 548 idest,

523 577 659 612 macra,
693 568 750 601 che
781 568 815 601 la
846 567 935 610 pelle
960 566 1204 610 s’t‘nsormara
1237 565 1320 598 (Iall’
1334 574 1428 608 ossa,
1464 563 1567 608 idest,
1601 562 1696 598 reci-

523 627 643 672 piebat
670 626 826 661 formam
853 625 899 660 ab
926 625 1066 660 ossibus
1094 634 1204 670 super
1232 623 1365 668 quibus
1392 626 1471 658 erat
1497 626 1599 658 tensa
1617 621 1694 657 sine

523 696 644 722 carne.
679 686 754 721 Hoc
784 689 902 720 totum
932 684 1084 720 faciebat
1119 683 1233 718 fames
1270 693 1366 718 nunc
1393 683 1439 718 ad
1466 681 1694 729 purgandam

523 746 794 792 pinguedinem,
822 755 933 789 quam
967 744 1054 779 olim
1090 744 1227 778 fecerat
1259 742 1437 789 ingluvies
1476 742 1695 788 importuna.

524 808 665 840 —Non
692 806 806 840 credo.
834 805 898 839 Hic
925 807 1031 849 poeta
1066 803 1271 838 manifestat
1302 805 1509 837 extremam
1540 801 1696 836 maciem

524 866 679 901 istorum
711 865 962 900 famelicorum
1000 873 1065 909 per
1103 874 1212 898 unam
1248 863 1510 908 pulcerrimam
1530 857 1566 905 (¹)
1594 871 1698 896 com-

524 925 750 971 parationem
778 928 813 959 et
843 923 1139 969 propriissimam.
1166 923 1217 957 Ad
1241 922 1347 958 cuius
1374 921 1617 968 cognitionem
1645 922 1699 955 est

524 984 642 1030 primo
673 984 873 1028 sciendum,
903 983 1000 1028 quod
1030 983 1119 1018 sicut
1148 982 1249 1028 fingit
1275 981 1423 1016 Ovidius
1450 981 1542 1016 libro
1568 982 1698 1016 octavo

525 1044 672 1079 maioris
698 1044 794 1079 circa
822 1043 931 1079 finem
964 1043 1163 1078 Erisicthon
1190 1042 1235 1077 de
1261 1041 1442 1077 Thessalia
1469 1040 1524 1075 vir
1551 1039 1699 1075 sacrile-

524 1114 593 1150 gus
622 1108 761 1139 temere
788 1103 983 1149 spernebat
1009 1103 1115 1138 deam
1144 1102 1317 1137 Cererem
1351 1104 1386 1136 et
1417 1100 1576 1136 colentes
1603 1109 1697 1144 eam,

525 1163 616 1198 adeo
644 1163 741 1208 quod
769 1173 900 1198 nemus
928 1166 1182 1197 consecratum
1220 1161 1267 1196 illi
1300 1160 1432 1195 dicitur
1459 1159 1632 1204 violasse3
1663 1162 1700 1194 et

527 1223 589 1258 uni
617 1234 661 1258 ex
690 1223 833 1258 famulis
861 1222 1066 1257 formidanti
1102 1221 1260 1256 incidere
1291 1230 1469 1265 quercum
1488 1215 1523 1263 ζῇ)
1555 1218 1699 1254 dedica-

528 1287 602 1318 tam
631 1283 708 1318 deae
736 1283 770 1318 in
798 1283 923 1318 furore
949 1282 1151 1328 amputavit
1177 1284 1296 1326 caput,
1319 1284 1354 1316 et
1380 1280 1553 1315 arborem
1582 1279 1697 1324 ipsam

526 1343 720 1388 prostravit
747 1342 791 1378 ad
820 1347 967 1377 terram.
995 1342 1091 1377 Irata
1117 1341 1184 1376 dea
1207 1341 1316 1376 altam
1337 1340 1529 1375 vindictam
1551 1339 1633 1375 fecit
1652 1338 1698 1374 de

527 1403 674 1438 homine
691 1398 726 1447 θ’)
748 1403 890 1438 insano:
912 1413 995 1437 nam
1017 1401 1164 1436 immIsit
1183 1401 1317 1436 famem
1337 1400 1537 1435 inauditam
1556 1399 1591 1434 in
1610 1409 1701 1435 ven—

528 1465 621 1497 trem
650 1462 747 1507 eius;
777 1462 872 1497 unde
900 1461 1101 1497 Erisictbon
1130 1461 1164 1496 in
1200 1464 1305 1496 nocte
1340 1460 1543 1495 somniabat
1578 1469 1701 1495 come-

527 1522 626 1567 dere,
654 1533 747 1557 vane
780 1532 914 1557 vorans
946 1525 1108 1565 ventum7
1139 1524 1174 1555 ct
1207 1524 1395 1556 crescente
1426 1520 1461 1554 in
1497 1520 1572 1555 dies
1605 1519 1702 1555 fame

527 1581 685 1617 vendidit
711 1586 747 1617 et
774 1581 929 1617 comedit
957 1581 1080 1616 omnia
1108 1592 1194 1625 sua3
1223 1591 1306 1615 uam
1340 1579 1436 1625 quod
1464 1579 1550 1615 satis
1577 1579 1702 1615 fuisset

528 1641 591 1675 uni
618 1641 751 1686 populo
779 1652 851 1676 non
877 1641 1081 1676 sufficiebat
1110 1640 1171 1675 uni
1200 1640 1346 1684 homini,
1370 1643 1405 1675 et
1432 1643 1568 1684 quanto
1595 1640 1701 1685 plura

529 1701 693 1746 vorabat,
711 1704 809 1736 tanto
827 1701 929 1746 plura
950 1700 1141 1746 appetebat
1163 1710 1264 1735 more
1284 1699 1385 1745 ignis.
1405 1700 1562 1735 Demum
1581 1699 1702 1735 omni-

529 1760 597 1795 bus
619 1761 842 1806 consumptis
865 1760 1023 1796 vendidit
1042 1760 1186 1794 unieam
1209 1759 1316 1793 filiam
1338 1770 1442 1793 suam
1464 1759 1628 1804 pluribus
1647 1758 1701 1793 vi-

529 1819 642 1865 cibus7
670 1820 776 1855 etad
809 1824 945 1856 tantam
979 1819 1249 1855 extremitatem
1282 1818 1424 1853 devenit
1461 1818 1558 1863 quod
1593 1817 1702 1863 coepit

529 1879 724 1915 comedere
744 1881 909 1915 membra
925 1891 989 1915 sua
1007 1890 1139 1914 vorans
1159 1890 1197 1914 sc
1216 1879 1345 1924 ipsum.
1363 1878 1445 1914 Visa
1465 1878 1597 1923 sabula,
1613 1888 1701 1913 cou—

529 1939 646 1975 sidera
676 1950 801 1975 veram
829 1940 1041 1986 allegoriam
1070 1950 1153 1984 quae
1186 1940 1273 1974 latet
1307 1939 1374 1974 sub
1408 1938 1542 1974 cortice
1574 1938 1699 1974 literae.

529 1999 731 2034 Erisictlion
766 2010 927 2045 namque
964 2000 1157 2046 figurative
1194 2003 1248 2034 est
1282 1999 1434 2045 gulosus
1472 1998 1534 2043 qui
1574 1998 1702 2034 incon-

530 2059 624 2093 sulte
651 2059 786 2104 spernit
805 2060 977 2095 Cererem
999 2060 1103 2095 deam
1125 2059 1230 2104 bladi,
1251 2059 1335 2104 quia
1353 2058 1498 2103 scilicet,
1520 2068 1592 2093 non
1614 2068 1702 2094 con—

591 2187 617 2215 (¹)
636 2187 663 2211 li.
681 2193 695 2210 c
714 2189 766 2215 117,
786 2188 911 2217 pulcram.

592 2223 616 2253 ζ’)
636 2225 664 2248 E.
683 2232 808 2255 quercum
830 2226 883 2249 dvm
907 2227 950 2256 ipsi
969 2226 1120 2253 dedicatam,
1139 2226 1228 2249 surore
1250 2228 1337 2249 motus
1355 2227 1431 2255 caput
1448 2225 1484 2248 illi
1503 2226 1653 2255 amputavit,
1674 2229 1701 2250 et

529 2262 648 2286 arborem
668 2263 755 2292 ipsam.

591 2300 616 2329 ξ’)
634 2301 662 2324 E.
682 2301 782 2325 bomine
800 2302 848 2325 isto
866 2303 962 2331 insano,
978 2309 1037 2325 nam
1054 2303 1154 2325 intrusit
1174 2302 1276 2326 samem.
