1766 2856
519 237 563 269 32
878 236 1079 263 coMENTUM
1106 234 1324 261 PURGATonn

517 323 660 358 apresso
687 313 754 347 Dio
782 309 1060 345 m’allmm'nasct'.
1089 306 1198 349 Quasi
1231 305 1343 341 dicat:
1372 307 1411 339 tu
1440 303 1609 350 Virgilius
1636 302 1689 338 se-

516 373 592 409 cisti
620 382 679 408 me
707 382 751 407 ex
779 371 970 416 ignorante
988 367 1200 413 sapientem,
1221 375 1266 401 ex
1285 363 1436 410 prodigo
1456 374 1621 409 parcum,
1642 373 1686 398 ex

516 442 658 479 pagano
685 429 933 466 christianum.
962 428 1005 463 Et
1032 428 1100 462 hoc
1127 425 1319 462 confirmat
1350 434 1414 470 per
1446 423 1691 469 comparatio-

518 502 601 527 nem
629 489 865 525 domesticam
893 491 928 523 et
955 487 1152 533 propriam,
1180 485 1319 520 diceus:
1345 485 1467 529 faceslc'
1492 494 1586 518 come
1612 484 1690 528 quei

518 552 575 585 che
603 560 646 584 υα
671 550 708 584 di
733 552 835 591 nolte,
854 549 913 582 che
928 551 1036 591 porta
1056 548 1080 581 il
1097 547 1185 580 lame
1203 546 1326 588 dien-0,
1346 544 1436 579 sicut
1457 553 1607 578 cereum
1626 552 1689 577 ac-

519 619 683 653 censum,
711 619 729 643 e
754 619 777 643 α
802 618 838 642 se
863 617 934 642 non
958 608 1076 650 yiova,
1105 605 1190 650 quia
1218 614 1349 650 parum
1384 603 1481 638 videt
1516 602 1581 637 sibi
1608 605 1693 637 ante

520 670 656 714 oculos,
684 679 741 703 ma
767 669 858 712 (lopo
884 678 932 711 se,
962 666 1107 709 scilicet,
1136 668 1214 710 post
1242 668 1400 710 tergum,
1425 665 1465 708 fa
1492 665 1521 697 le
1542 672 1693 707 persone

521 731 619 765 (totle.
648 728 817 774 Virgilius
845 727 941 763 enim
969 726 1162 761 ambulans
1185 725 1220 759 in
1246 727 1352 759 nocte
1370 722 1584 769 ignorantiae
1613 721 1693 757 fidei

521 792 669 835 portans
696 797 820 823 secum
849 787 974 821 lumen
1000 784 1184 830 sapientiae
1211 783 1309 819 clare
1331 782 1413 818 fecit
1437 782 1591 818 Statium
1615 785 1694 827 post

521 858 560 884 se
586 847 791 883 venientem
819 846 967 881 doctum
996 855 1092 879 verae
1121 843 1212 879 fidei.
1239 843 1281 877 Et
1308 842 1358 877 sic
1384 845 1481 887 patet
1508 840 1694 886 quomodo

521 906 744 953 comparatio
764 906 857 941 bene
875 905 1025 940 adsonat
1041 901 1076 947 (¹)
1097 902 1291 949 proposito.
1315 902 1357 936 Et
1380 901 1535 936 ostendit
1562 900 1695 936 Statius

522 966 706 1013 quomodo
730 975 794 1011 per
814 965 871 1000 illa
891 964 1004 999 verba
1022 963 1170 1009 Virgilii,
1190 971 1273 1007 quae
1292 965 1375 996 sunt
1394 961 1509 1006 posita
1528 963 1563 996 et
1582 969 1696 1005 expo-

522 1027 588 1062 sita
616 1027 722 1072 plene
749 1025 866 1070 primo
893 1024 1050 1069 capitulo
1078 1022 1221 1067 Inferni,
1250 1022 1331 1057 ideo
1358 1021 1415 1056 liic
1443 1031 1515 1056 non
1547 1023 1695 1066 repet03

522 1087 606 1122 dicit
630 1096 737 1132 ergo:
757 1085 898 1129 quando
917 1085 1045 1127 clieesli,
1065 1083 1156 1118 libro
1175 1082 1443 1125 Bucolicorum,
1467 1082 1559 1115 secol
1574 1082 1604 1114 si
1621 1081 1698 1114 rin-

524 1157 615 1182 ηουα
627 1159 640 1190 ,·
660 1149 695 1181 et
715 1155 801 1180 vere
830 1154 962 1190 magua
990 1143 1179 1179 renovatio
1207 1142 1329 1177 saecuii
1353 1141 1445 1176 sacta
1465 1144 1518 1176 est
1536 1140 1604 1175 sub
1623 1140 1698 1174 Au-

525 1210 646 1254 gusto,
661 1205 723 1251 qui
743 1215 876 1251 magna
894 1204 1085 1250 prudentia
1104 1202 1308 1248 composuit
1328 1201 1507 1237 mundum
1524 1201 1697 1236 fluentem

526 1267 561 1301 in
591 1266 693 1311 vitia,
723 1269 826 1300 torna
851 1265 1026 1308 yizcslesszia,
1055 1273 1137 1308 quae
1164 1262 1366 1308 appellatur
1396 1262 1497 1308 virgo
1524 1272 1545 1296 a
1571 1260 1697 1307 poetis,

525 1338 542 1361 e
564 1328 683 1371 primo
710 1329 820 1370 lempo
847 1335 989 1367 αηῑαηο,
1015 1323 1117 1368 idest,
1136 1326 1223 1358 aetas
1250 1333 1375 1366 aurea,
1403 1331 1486 1366 quae
1513 1321 1580 1356 fuit
1607 1325 1700 1356 tem-

526 1397 614 1432 pore
633 1385 803 1430 Saturni;
831 1396 848 1419 e
871 1385 1038 1429 proyem'e
1064 1384 1223 1419 discemle
1249 1383 1311 1417 dal
1326 1383 1389 1416 εἰεί
1405 1392 1534 1423 nuova,
1553 1381 1700 1426 scilicet,

525 1447 711 1492 Augustus
731 1446 787 1480 vel
806 1445 978 1480 Christus.
1000 1443 1043 1478 Et
1061 1442 1242 1478 concludit
1261 1442 1395 1477 Statius
1418 1452 1463 1476 ex
1488 1441 1608 1476 dictis:
1631 1451 1699 1485 per

526 1510 554 1540 le
570 1509 671 1550 [mela
683 1506 748 1549 fui,
759 1515 825 1548 per
844 1508 874 1539 te
891 1505 1068 1538 crislz'ano.
1085 1503 1127 1537 Et
1147 1502 1203 1537 hic
1224 1505 1309 1536 uota
1329 1500 1425 1546 quod
1446 1501 1700 1546 unusquisque

526 1569 679 1600 conatur
706 1564 885 1600 reducere
911 1564 982 1598 alta
1013 1562 1107 1597 dicta
1139 1562 1342 1607 sapientum
1376 1561 1597 1606 placentium
1633 1560 1698 1595 sibi

526 1626 571 1661 ad
592 1625 772 1660 saniorem
793 1624 1029 1666 intellectum,
1045 1622 1138 1657 sicut
1156 1622 1305 1668 egregie
1325 1621 1407 1656 facit
1422 1621 1539 1656 Proba
1551 1616 1599 1665 (²),
1616 1630 1698 1666 quae

528 1686 643 1720 multa
669 1685 762 1719 dicta
790 1688 864 1719 tam
887 1683 1035 1718 Homeri
1055 1693 1165 1727 quam
1188 1682 1323 1728 Virgilii
1348 1681 1491 1717 reduxit
1509 1680 1646 1726 placide
1665 1680 1700 1716 in

527 1745 744 1790 obsequium
773 1743 853 1779 fidei
881 1743 1244 1779 cllristianae.—JI(1.
1277 1741 1339 1777 Hic
1372 1741 1507 1776 Statius
1539 1744 1634 1776 tacta
1666 1741 1700 1775 in

527 1804 689 1852 generali
718 1813 827 1839 causa
856 1813 930 1838 suae
957 1802 1215 1846 conversionis,
1244 1812 1340 1836 nunc
1376 1801 1490 1847 tangit
1524 1800 1637 1847 ipsam
1666 1801 1701 1836 in

528 1864 682 1910 speciali.
712 1864 753 1898 Et
779 1863 862 1898 dicit
887 1873 926 1898 se
954 1863 1136 1898 facturum
1171 1871 1275 1896 more
1309 1861 1454 1906 pictoris
1487 1861 1549 1906 qui
1584 1860 1702 1906 primo

528 1925 691 1971 designat
719 1923 875 1969 figuram
902 1932 1029 1969 grosso
1057 1921 1176 1966 modo,
1205 1927 1329 1967 postea
1360 1922 1499 1957 colorat
1530 1924 1566 1956 et
1592 1931 1702 1956 exor-

528 1988 601 2020 nat.
630 1983 720 2019 Dicit
747 1993 856 2029 ergo:
885 1984 946 2017 Ma
968 1979 1096 2026 perche*
1123 1983 1221 2025 veyyi
1242 1982 1317 2024 me',
1338 1981 1438 2026 idest,
1460 1983 1499 2015 ut
1525 1979 1702 2027 intelligas

530 2044 661 2079 melius
692 2046 728 2078 et
761 2042 905 2087 clarius,
932 2038 985 2077 εῖὸ
1011 2043 1108 2077 cle’io
1136 2043 1292 2086 cliseyno,
1322 2041 1357 2075 in
1384 2040 1547 2085 confuso,
1575 2041 1702 2075 discen-

529 2099 614 2138 derd
641 2104 674 2137 la
702 2112 806 2136 mano
833 2112 855 2136 a
881 2103 1037 2146 colorar,
1060 2101 1162 2146 idest,
1180 2101 1225 2136 ad
1247 2100 1519 2136 declarandum.
1548 2100 1590 2135 Et
1616 2110 1702 2135 ecce

530 2162 736 2209 quomodo:
764 2157 823 2206 yid
850 2172 913 2196 era
940 2163 964 2196 il
990 2163 1115 2196 mondo
1148 2165 1229 2196 tullo
1262 2165 1392 2205 quanto
1420 2170 1572 2204 preynO,
1600 2159 1701 2202 idest,

593 2293 619 2320 (¹)
639 2294 689 2319 117,
708 2295 877 2315 consonat.—
890 2292 918 2315 E.
936 2294 1017 2315 sonat.
1176 2291 1201 2320 (²)
1222 2295 1273 2321 117,
1293 2292 1375 2316 Proba
1394 2290 1546 2322 poetissima,
1565 2297 1630 2321 quae.
