1737 2836
365 239 502 264 CANTL‘S
528 239 744 264 TRIGESlMUS
770 238 962 264 SECUNDUS.
1177 232 1244 264 261

79 312 155 347 sine
182 311 339 346 domino.
360 312 535 358 Cognovit
563 315 597 346 et
625 322 779 347 uxorem
805 311 939 346 domini
959 311 1013 345 sui
1033 311 1249 346 mercatoris

79 371 252 416 ditissimi,
282 382 392 417 quam
421 375 497 417 post
526 375 682 406 mortem
711 371 803 405 illius
835 371 938 406 duxit
965 381 1139 416 uxorem3
1167 375 1248 406 tan-

79 431 161 467 dem
191 432 225 466 in
245 436 352 467 aetate
371 431 607 477 quadraginta
627 442 808 466 annornm
830 431 1011 466 extinctus
1031 435 1084 467 est
1108 441 1249 467 veneno

81 491 207 526 fraude
234 502 398 527 suorum.
427 492 477 526 Ad
505 492 645 527 literam
679 501 780 536 ergo,
808 494 913 535 poeta
940 491 1110 526 describit
1138 491 1247 526 istum

80 552 148 586 sub
176 552 290 597 figura
319 552 496 597 draconis,
524 551 662 587 dicens:
684 553 748 585 Poi
765 560 877 594 parve
899 561 921 584 α
948 561 999 585 me
1017 552 1075 585 osee
1097 553 1132 586 la
1154 555 1250 585 [erra

79 613 106 645 ε’
121 614 267 656 amisse,
292 616 331 647 ut
359 615 503 658 pareret
528 612 636 647 istum
660 611 856 646 draconem
885 610 1116 655 diabolicum,
1137 621 1248 656 quem

80 682 167 707 vere
187 673 260 707 visa
281 676 334 707 est
353 672 519 707 emittere
546 671 591 706 ab
618 671 781 715 inserno3
802 670 866 705 suit
890 670 986 705 enim
1015 670 1125 705 homo
1153 673 1251 705 totus

82 732 236 766 carnalis
257 734 291 766 et
313 735 493 775 terrenus,
508 731 659 765 lr'ambo
676 732 827 774 Iernole,
854 729 945 764 idest
965 729 1059 765 inter
1080 729 1170 764 duas
1193 740 1252 764 ro-

84 795 146 836 tas,
167 791 300 826 scilicet
326 795 430 826 vetus
457 794 492 826 et
520 801 655 825 novum
680 793 961 834 testamentum3
985 793 1021 825 et
1044 789 1137 825 bene
1156 789 1251 833 dicit,

82 863 165 887 nam
195 852 456 887 Machomettus
484 861 528 886 ex
557 855 715 895 utroque
743 853 960 885 testamento
987 849 1172 884 constituit
1200 849 1253 884 le-

81 922 164 958 gem
193 912 400 956 saracenis;
423 911 605 946 asserebat
635 910 730 946 enim
759 920 797 945 se
823 910 973 944 missum
997 909 1042 944 ad
1064 909 1254 944 declaran-

82 971 164 1007 dam
194 972 310 1017 legem
341 971 449 1016 Moysi
472 970 614 1015 judaeis,
634 973 667 1005 et
688 970 805 1016 legem
828 969 958 1004 Christi
978 968 1198 1013 cliristianis3
1218 972 1254 1003 et

83 1037 122 1068 ut
142 1033 235 1067 male
254 1032 494 1078 intelligentes
516 1031 717 1076 corrigeret
736 1034 771 1065 et
790 1030 951 1074 doceret,
971 1033 1007 1064 et
1027 1032 1175 1064 necaret
1198 1028 1253 1063 in-

81 1092 266 1136 credulos3
296 1092 390 1127 unde
417 1091 518 1126 dicit:
542 1102 559 1125 e
585 1092 656 1125 vicli
682 1092 816 1125 uscirne
835 1100 878 1124 em
900 1091 1040 1133 (basso,-
1062 1089 1171 1124 draco
1198 1088 1254 1123 di-

81 1153 176 1189 citur
203 1162 350 1198 serpens
378 1151 512 1197 templi,
540 1154 573 1185 et
609 1150 673 1185 iste
709 1150 856 1184 intravit
884 1149 1059 1194 templum
1089 1147 1252 1182 Domini:

83 1212 149 1247 fuit
176 1212 231 1247 hic
264 1212 373 1247 draco
410 1212 598 1246 immensae
631 1209 899 1256 magnitudinis,
936 1208 1050 1243 maior
1085 1210 1254 1253 serpente

83 1272 143 1318 qui
172 1282 366 1307 romanum
396 1271 541 1307 vexavit
567 1270 771 1306 exercitum
800 1269 867 1303 sul)
891 1269 1011 1303 Marco
1042 1268 1183 1314 Regulo
1216 1267 1251 1302 in

81 1332 208 1367 Africa.
240 1332 319 1366 Fuit
347 1331 402 1366 hic
430 1331 539 1366 draco
567 1331 684 1365 alatus
712 1329 773 1374 qui
801 1328 936 1363 volavit
968 1328 1014 1363 ab
1050 1328 1190 1364 oriente
1218 1328 1253 1363 in

83 1392 325 1435 occidentem3
355 1390 450 1425 unde
472 1390 574 1424 dicit:
596 1390 654 1424 che
677 1400 741 1433 per
760 1390 792 1424 lo
811 1398 919 1422 carro
937 1398 977 1422 su
1000 1389 1034 1422 la
1053 1389 1141 1422 coda
1158 1389 1252 1432 fisse,

83 1452 236 1488 caudam
270 1453 498 1494 venenatam,
528 1460 600 1495 qna
628 1449 747 1484 infecit
780 1458 950 1494 magnam
988 1450 1127 1492 partem
1164 1447 1255 1483 fide-

84 1512 182 1546 lium.
201 1511 241 1545 Et
257 1511 341 1556 quia
362 1510 490 1545 fixerat
509 1509 662 1544 caudam
679 1519 826 1544 sursum
842 1511 969 1543 contra
984 1508 1114 1552 Deum,
1134 1507 1256 1542 subdit

84 1571 267 1617 quomodo
293 1570 442 1606 retraxit
470 1580 551 1605 eam
578 1569 623 1605 ad
642 1579 680 1604 se
707 1579 791 1604 cum
822 1568 943 1614 praeda
971 1578 1034 1612 per
1061 1577 1255 1612 compara—

84 1631 218 1667 tionem
246 1640 377 1676 vespae,
404 1630 546 1665 dicens:
574 1640 591 1663 e
618 1633 729 1664 {rasse
755 1630 817 1663 dal
839 1629 962 1674 fondo,
985 1627 1078 1662 illius
1107 1637 1253 1672 currus,

83 1692 118 1726 Ια
144 1692 233 1725 coda
260 1691 427 1734 maligna,
455 1689 555 1734 idest,
580 1689 676 1725 male
699 1688 861 1735 ignitam,
882 1688 940 1723 ille
961 1687 1083 1732 draco,
1106 1687 1253 1721 {mendo

84 1761 107 1785 a
132 1761 180 1793 se,
208 1751 309 1794 idest,
338 1749 584 1794 retorquendo
611 1749 654 1784 ad
683 1759 732 1793 se,
761 1759 855 1782 come
882 1757 985 1792 vespa
1012 1748 1070 1781 elce
1095 1749 1254 1790 ritrayye

85 1812 203 1853 l’ayo,
231 1809 331 1854 idest,
359 1809 528 1844 aculeum
558 1819 678 1843 suum.
707 1808 749 1842 Et
777 1811 830 1843 est
857 1806 1080 1852 comparatio
1108 1805 1254 1852 propria

84 1870 128 1906 de
156 1880 263 1915 vespa
292 1879 374 1914 quae
401 1872 454 1903 est
481 1868 625 1903 inimica
647 1868 715 1913 api,
735 1871 770 1903 et
794 1870 910 1902 vastat
928 1866 1072 1901 dulcem
1092 1866 1254 1900 fructum

85 1930 174 1974 eius,
202 1929 295 1964 sicut
321 1929 583 1963 Machomettus
610 1927 749 1963 Christi.
779 1928 820 1961 Et
847 1926 949 1961 dicit:
978 1937 995 1960 e
1019 1927 1133 1969 gissen
1165 1934 1256 1968 vayo

85 2000 190 2034 voye,
200 1989 299 2033 idest,
314 1988 460 2024 recessit
479 1988 537 2023 ille
551 1987 672 2022 draco.
689 1987 731 2021 Et
746 1986 803 2021 hic
822 1989 905 2020 nota
921 1985 1018 2030 qnod
1033 1985 1257 2019 Machomet-

85 2053 143 2085 tus
170 2053 322 2095 vagatus
349 2052 402 2084 est
430 2052 553 2094 postea
584 2058 649 2093 per
680 2046 807 2082 orbem
836 2049 1035 2089 terrarum,
1062 2044 1147 2090 quia
1180 2044 1255 2079 suis

85 2110 189 2145 malis
221 2109 360 2145 artibus
396 2108 541 2153 arabes7
576 2118 695 2154 syros,
730 2106 864 2151 med05‚
899 2116 1033 2151 persaS‚
1069 2104 1255 2150 aegyptios,

85 2169 257 2214 aethiopes
284 2172 319 2203 et
349 2178 465 2213 usque
488 2167 532 2202 ad
558 2166 765 2212 Hispaniam
785 2176 852 2200 suo
879 2175 1007 2201 errore
1033 2164 1188 2200 seduxit.
1214 2164 1257 2199 Et

86 2228 245 2264 breviter
273 2228 307 2262 in
334 2228 483 2263 ecclesia
511 2227 573 2262 Dei
602 2230 723 2261 tantus
742 2236 847 2261 error
869 2225 984 2261 sactus
1002 2228 1067 2269 est,
1091 2224 1187 2269 qnod
1207 2224 1254 2259 ab

86 2287 230 2324 infantia
259 2287 420 2323 ecclesiae
447 2297 564 2332 usque
590 2286 634 2321 ad
662 2285 740 2322 eius
766 2285 920 2330 senium,
948 2285 1049 2329 idest,
1070 2293 1189 2328 nsque
1210 2283 1256 2319 ad
