1737 2836
1170 256 1240 288 335

62 464 226 497 CANTUS
259 464 491 503 SECUNDUS,
522 466 555 496 ln
584 474 643 504 qno
676 464 853 495 continetur
882 473 1029 495 aseensus
1059 464 1093 495 in
1117 473 1240 503 speram

139 521 229 559 Inna.
257 521 459 561 nhipom'tm·
482 520 625 561 quantana
650 519 778 560 qzcoestio
811 519 848 550 dc
872 519 1060 551 obscuritate
1089 530 1157 560 quse
1185 531 1241 560 (Q)-

134 580 230 617 paret
256 577 288 608 in
312 577 397 608 leina.

144 712 224 795 O
248 770 307 793 νο]
332 759 390 794 che
407 760 486 794 stete
512 760 544 794 in
566 759 744 804 piccolelca
762 758 882 793 barca.
904 758 1101 803 Postquam
1123 757 1158 792 in
1178 767 1241 792 su-

63 819 196 866 periori
222 819 342 865 primo
369 819 528 865 capitulo
555 818 768 865 prohemiali
792 822 898 864 poeta
917 818 1050 853 Dantes
1071 816 1240 853 tractavit

63 883 98 916 et
116 879 373 915 determinavit
392 879 436 915 de
456 879 534 915 eius
553 879 715 926 generali
734 889 889 914 ascensu
907 878 953 914 ad
971 878 1120 923 coelum,
1144 887 1241 912 nunc

62 940 330 985 subsequenter
358 939 393 975 in
421 939 488 975 isto
515 939 676 975 secundo
704 939 862 985 capitulo
881 939 955 985 agit
982 942 1017 974 et
1045 941 1176 973 tractat
1197 937 1242 973 de

63 1000 142 1036 eius
169 1000 313 1046 speciali
341 1010 494 1036 ascensu
524 1000 570 1035 ad
596 999 754 1045 primam
781 1010 926 1045 speram
954 999 1061 1034 lunae.
1083 998 1125 1033 Et
1147 1008 1241 1044 prae-

63 1070 146 1096 sens
174 1060 374 1106 capitulum
403 1063 519 1105 potest
537 1059 645 1095 dividi
665 1059 700 1094 in
720 1063 881 1105 quatuor
900 1063 1021 1106 partes
1039 1059 1240 1105 generales

63 1120 102 1155 In
129 1119 247 1166 prima
274 1130 433 1164 quarum
462 1123 570 1155 autor
599 1119 681 1154 facit
712 1120 881 1165 pulcrum
917 1123 952 1155 et
986 1119 1098 1155 breve
1134 1129 1243 1155 exor-

64 1180 177 1225 dium,
204 1179 240 1214 in
268 1190 342 1225 quo
368 1179 427 1215 dat
459 1190 569 1214 suum
604 1179 794 1214 consilium
831 1179 1059 1215 auditoribus
1091 1189 1243 1214 servan-

65 1240 152 1275 dum
180 1240 217 1274 in
243 1250 310 1275 sua
338 1239 512 1275 doctrIna.
541 1239 580 1274 In
607 1239 767 1275 secunda
794 1239 948 1275 ostendit
976 1239 1161 1285 quomodo
1189 1239 1244 1274 in-

67 1300 217 1336 traverit
232 1296 267 1344 ς’)
297 1310 441 1346 speram
474 1300 581 1345 lnnae,
610 1303 645 1335 et
671 1300 840 1335 describit
873 1310 1006 1346 corpus
1034 1300 1141 1344 lunae,
1169 1299 1241 1335 ibi:

65 1363 115 1395 La
149 1365 345 1396 concreata.
383 1361 421 1395 In
459 1361 565 1396 tertia
601 1360 715 1406 tangit
754 1359 907 1395 dubium
940 1359 1035 1395 circa
1070 1359 1242 1395 umbram

65 1431 147 1466 quae
162 1424 313 1466 apparet
332 1421 368 1455 in
386 1420 485 1466 luna,
501 1423 535 1455 et
555 1420 746 1466 impugnat
764 1429 1002 1455 communem
1023 1419 1243 1465 opinionem,

65 1490 147 1526 quae
166 1480 322 1516 liabetur
349 1480 394 1516 de
421 1481 500 1525 hoc,
530 1479 576 1515 ibi
593 1492 600 1514 ε
629 1482 689 1514 Ma
708 1481 832 1514 dicenti.
854 1479 892 1514 In
912 1482 1043 1525 quarta
1063 1483 1098 1515 et
1118 1479 1245 1514 ultima

64 1539 209 1575 adducit
242 1550 347 1575 suam
375 1539 596 1586 opinionem,
624 1549 735 1584 quam
768 1539 883 1574 credit
914 1549 1054 1584 veram,
1089 1539 1155 1574 ibi:
1196 1541 1248 1574 01·

65 1609 159 1634 come
180 1601 216 1634 αἱ
233 1601 331 1644 colpt.
361 1599 412 1634 Ad
439 1599 600 1645 primum
630 1599 790 1644 veniens,
813 1598 904 1644 dico,
933 1598 1030 1644 quod
1051 1601 1160 1634 autor
1184 1598 1245 1634 dat

66 1670 174 1694 suum
198 1659 388 1695 consilium
416 1659 664 1705 auditoribus3
693 1662 727 1695 et
756 1659 875 1705 primo
901 1659 1100 1704 alloquitur
1126 1658 1247 1694 minus

66 1719 231 1765 scientes,
251 1730 412 1765 quorum
441 1723 494 1755 est
523 1719 630 1755 turba
658 1730 811 1766 magna;
832 1723 868 1755 et
887 1719 965 1755 vult
983 1719 1247 1755 sententialiter

66 1779 210 1815 dicere:
238 1790 259 1815 o
287 1790 351 1815 vos
378 1790 510 1825 parum
540 1779 789 1826 intelligentes,
819 1779 880 1824 qui
908 1779 1042 1826 legistis
1061 1779 1245 1815 infernum

68 1842 103 1874 et
129 1839 385 1885 purgatorium
414 1850 552 1885 meum,
574 1840 799 1875 revertimini
822 1839 867 1875 ad
888 1840 1081 1876 materiam
1101 1850 1245 1885 eorum,

68 1902 103 1934 et
131 1909 203 1935 non
229 1899 475 1935 intromittatis
504 1910 567 1935 vos
587 1899 622 1934 in
642 1900 751 1935 istum
776 1899 997 1946 paradisum.
1019 1900 1111 1935 Dicit
1134 1910 1244 1946 ergo:

73 1961 101 1994 O
128 1961 196 2003 voi,
227 1959 372 2003 scilicet,
402 1959 556 1994 lectores
584 1959 769 1994 modicum
798 1959 1051 2006 intelligentes,
1080 1961 1139 1994 che
1165 1961 1246 1994 stete

67 2020 105 2054 in
133 2021 314 2064 pz'ccolella
346 2019 469 2063 barca,
504 2019 605 2064 idest,
641 2019 677 2054 in
714 2029 826 2065 parva
860 2019 1061 2064 capacitate
1091 2019 1245 2066 ingenii,

70 2079 168 2114 unde
195 2079 230 2114 in
257 2079 432 2125 principio
460 2078 663 2125 purgatorii
691 2081 797 2125 poeta
824 2078 1035 2114 assimilavit
1058 2078 1244 2125 ingenium

68 2149 177 2173 suum
204 2139 398 2174 naviculae:
427 2142 463 2174 et
490 2149 579 2174 vere
607 2139 687 2184 plus
721 2142 775 2174 est
807 2148 899 2184 opus
927 2149 1061 2185 magno
1089 2139 1246 2186 ingenio,

68 2209 180 2243 quam
209 2209 342 2244 magna
365 2198 512 2234 scientia
540 2198 585 2234 ad
614 2198 887 2245 intelligentiam
913 2198 1021 2234 huius
1042 2198 1133 2244 libri,
1154 2199 1247 2235 sicut

133 2328 158 2357 (¹)
176 2330 198 2357 4,
217 2328 329 2351 intravit.
