1766 2856
510 247 577 278 160
872 247 1075 274 COMENTUM
1102 246 1320 272 PURGATORII

507 324 681 359 altissimo
709 321 887 366 omnium,
910 319 1115 366 propinquo
1142 319 1247 364 coelo,
1268 322 1410 354 remoto
1437 320 1607 355 omnibus
1627 319 1681 354 al-

507 383 758 426 terationibus,
787 381 863 416 sine
889 379 988 415 omni
1009 379 1184 423 molestia,
1204 389 1289 414 cum
1310 379 1409 414 omni
1430 379 1678 415 delectatione.

507 443 595 478 Dicit
623 452 712 488 ergo
739 441 955 477 continuans
981 450 1038 475 se:
1066 442 1160 483 1'090
1187 434 1259 484 yid,
1290 439 1391 484 idest,
1416 450 1484 486 ego
1507 441 1584 486 jan}
1603 439 1681 475 avi-

507 503 574 538 dus
601 512 646 538 ex
674 501 810 548 Virgilii
838 500 969 545 verbis,
998 501 1035 534 cli
1060 509 1182 534 cerem·
1208 500 1243 533 {a
1271 500 1390 534 diuma
1409 501 1556 545 foresta,
1579 499 1679 545 idest,

507 562 714 608 paradisum
735 561 960 605 deliciarum,
980 560 1042 595 ubi
1061 560 1158 595 Deus
1177 559 1295 605 posuit
1315 559 1474 605 primum
1494 559 1679 595 hominem

508 622 722 668 perfectum,
743 621 804 667 qui
832 624 886 656 est
912 621 1013 655 locus
1041 623 1206 655 remotus
1233 630 1254 654 a
1282 623 1381 655 terra
1401 620 1583 655 habitabili
1611 620 1678 655 sub

506 682 759 727 aequinoctiali,
793 685 833 716 ut
865 680 976 725 aliqui
1013 680 1155 723 volunt,
1188 678 1320 724 quibus
1354 682 1459 724 poeta
1493 679 1680 724 consentit,

507 742 589 777 licet
616 741 675 776 alii
691 738 726 785 χ’)
756 744 890 787 ponant
910 740 1027 785 ipsum
1049 739 1082 773 in
1101 742 1204 784 parte
1223 738 1409 784 orientali3
1432 739 1494 774 sed
1515 739 1682 774 ubicum—

507 813 580 848 que
599 803 653 847 sit,
673 802 748 836 sive
767 802 966 845 loquamur
988 799 1168 843 historice,
1188 798 1264 834 sive
1282 799 1487 844 allegorice,
1508 800 1609 834 locus
1628 803 1681 834 est

507 861 688 897 solitarius
713 861 758 895 ad
778 870 888 905 quem
910 859 1014 904 pauci
1034 858 1274 904 perveniunt3
1292 868 1424 902 spessa,
1443 862 1592 904 propter
1611 858 1682 894 fre-

507 921 692 967 quentiam
725 920 901 955 arborum
939 918 1147 963 virentium,
1179 929 1196 952 e
1230 919 1321 962 vim,
1353 918 1439 964 quia
1477 929 1679 964 numquam

506 984 605 1024 aret,
633 983 668 1015 et
690 975 725 1023 ὃ)
753 979 847 1024 dicit,
875 980 1012 1022 dentre,
1040 978 1140 1022 idest,
1168 978 1205 1013 in
1236 978 1322 1013 locis
1351 978 1638 1024 mediterraneis,
1666 989 1683 1013 e

507 1042 684 1084 dinlorno,
712 1039 855 1083 scilicet,
884 1039 919 1074 in
948 1039 1042 1084 ripis,
1062 1040 1120 1073 che
1138 1040 1210 1082 ayle'
1232 1039 1325 1073 ocem·
1343 1042 1555 1083 temperat-a,
1578 1038 1679 1083 idest,

509 1104 712 1147 temperate
756 1100 1005 1146 respiciebam,
1051 1101 1075 1134 il
1116 1110 1229 1133 nuovo
1265 1101 1406 1143 giorno,
1446 1099 1546 1144 idest,
1586 1099 1680 1134 diem

510 1164 698 1206 quartum,
726 1159 787 1205 qui
821 1159 866 1195 de
900 1170 994 1194 novo
1028 1159 1225 1194 oriebatur.
1264 1159 1306 1193 Et
1341 1159 1461 1194 subdit
1492 1169 1601 1193 suum
1630 1158 1684 1193 in-

511 1232 677 1268 gressum
707 1221 742 1255 in
770 1220 864 1255 istud
888 1219 1112 1264 viridarium,
1132 1219 1273 1255 dicens:
1294 1221 1416 1254 lasciui
1442 1221 1476 1254 la
1503 1221 1596 1263 riva,
1614 1219 1683 1254 sci-

511 1281 603 1326 licet,
637 1284 840 1316 extremam
883 1279 944 1314 ubi
978 1290 1092 1325 eram,
1128 1290 1236 1314 senza
1271 1277 1332 1324 piz'c
1371 1283 1542 1324 aspeltar,
1579 1278 1681 1324 quasi

510 1342 622 1377 dicat:
644 1352 714 1376 non
743 1340 842 1386 potui
870 1343 1065 1385 expectare
1087 1340 1283 1375 adventum
1304 1340 1489 1385 Beatricis,
1512 1339 1681 1384 sedendo,

511 1402 602 1437 sicut
621 1401 791 1447 Virgilius
820 1400 1037 1446 praedixerat
1064 1400 1162 1444 milii,
1183 1401 1387 1445 prendendo
1412 1402 1448 1435 la
1469 1410 1681 1444 campagnia,

510 1462 572 1497 ubi
601 1462 718 1507 primo
746 1464 897 1496 venerat
924 1471 988 1505 per
1015 1461 1149 1496 scalam
1179 1463 1329 1506 rectam,
1358 1462 1447 1495 lento
1474 1462 1587 1505 Iento;
1614 1460 1681 1495 hoc

508 1521 590 1557 dicit
618 1521 702 1566 qnia
735 1531 819 1555 cum
855 1521 1016 1565 quodam
1054 1521 1185 1555 timore
1219 1524 1253 1556 et
1290 1521 1496 1556 reverentia
1524 1520 1681 1556 intrabat

508 1581 629 1616 locum
658 1590 804 1615 sacrum
833 1580 997 1626 ignotum
1015 1592 1022 1624 3
1043 1581 1099 1615 vel
1124 1580 1219 1615 lente
1242 1580 1431 1616 incedebat
1449 1584 1490 1615 ut
1512 1581 1592 1626 plus
1618 1580 1683 1616 de-

509 1642 725 1685 lectaretur,
752 1640 808 1675 vel
836 1640 871 1675 in
899 1641 966 1675 hoc
994 1640 1109 1674 innuit
1135 1640 1385 1677 difficultatem
1407 1651 1511 1676 novae
1538 1644 1573 1676 et
1600 1641 1683 1676 altae

510 1701 672 1736 materiae
700 1710 810 1745 quam
839 1699 1007 1744 intrabat,
1034 1710 1074 1734 su
1096 1710 1163 1744 per
1190 1701 1223 1734 Io
1249 1701 1338 1743 suol,
1366 1700 1466 1745 idest,
1491 1703 1680 1736 terrenum

509 1761 721 1805 herbosum,
747 1761 805 1794 che
831 1761 963 1803 (I’oymss
984 1764 1088 1804 parte
1115 1761 1220 1802 oliva,
1239 1759 1340 1804 idest,
1364 1760 1568 1805 redolebat,
1597 1760 1681 1805 quia

509 1821 610 1857 locus
638 1824 691 1856 cst
719 1820 878 1856 consitus
897 1820 995 1855 omni
1014 1830 1151 1865 genere
1173 1820 1363 1865 arborum,
1383 1820 1473 1855 idest
1492 1820 1683 1866 virtutum,

510 1892 554 1917 ex
583 1881 716 1926 quibus
744 1881 896 1916 resultat
924 1890 1078 1926 magnus
1105 1880 1270 1914 odor.—
1289 1882 1467 1915 Cn'aura.
1487 1880 1550 1916 Hic
1578 1884 1683 1926 poeta

509 1941 677 1977 describit
697 1944 845 1976 ventum
876 1941 994 1976 lenem
1012 1935 1047 1984 (3)
1067 1940 1129 1985 qui
1152 1940 1264 1985 spirat
1283 1940 1342 1986 ibi,
1361 1940 1499 1975 dicens:
1524 1941 1683 1976 tfn’aum

510 2003 616 2046 (Iolco,
638 2012 745 2036 senza
763 2012 867 2035 acere
893 2003 927 2035 e'n
954 1999 991 2035 se*
1016 2004 1236 2043 mammeam,
1256 2000 1357 2045 idest,
1377 2004 1412 2036 et
1435 2000 1682 2044 immutabilis,

511 2062 607 2106 qnod
635 2061 807 2108 contingit
830 2065 977 2107 propter
997 2064 1138 2097 motum
1159 2060 1252 2095 illius
1271 2060 1468 2106 superioris
1487 2060 1582 2096 aeris
1602 2061 1684 2096 uni-

512 2123 678 2166 formem,
707 2126 747 2156 ut
773 2122 914 2157 dicetur
942 2125 1076 2168 postea,
1106 2123 1153 2156 mi
1175 2122 1268 2166 feria
1290 2132 1356 2166 per
1383 2122 1417 2155 la
1441 2123 1570 2166 frome,
1596 2121 1680 2166 quia

513 2186 632 2218 motus
659 2182 753 2217 aeris
779 2182 825 2217 ab
852 2182 992 2217 oriente
1026 2183 1093 2217 hoc
1121 2181 1285 2226 faciebat,
1313 2192 1382 2215 ηοη
1414 2182 1451 2216 dt
1477 2179 1539 2225 μίὺ
1570 2182 1681 2226 εοῐρο,

575 2313 591 2341 (¹
620 2312 647 2335 E.
665 2312 741 2342 aliqui
760 2315 862 2341 ponant.
1001 2312 1023 2341 z²j
1046 2312 1073 2334 E.
1092 2314 1114 2334 ct
1135 2312 1191 2335 ideo
1209 2312 1278 2336 ‹lii-it.
1406 2312 1429 2341 [³¹
1451 2312 1478 2335 E.
1497 2312 1588 2335 lovem.
