1766 2856
483 260 553 292 482
877 261 1083 287 COMENTUM
1110 261 1274 285 PAnAmsi

481 340 583 383 idest,
610 349 631 373 a
659 347 731 382 qua
759 335 890 380 incipio
918 344 1016 369 nunc
1044 344 1182 368 novum
1218 335 1429 377 tractatum,
1456 333 1482 366 il
1507 332 1663 375 vocabat,

482 400 583 443 idest,
612 406 758 440 nomen,
786 396 876 430 della
911 395 1021 437 stella,
1049 393 1150 437 idest,
1184 393 1329 439 planeta
1356 392 1518 437 Veneris,
1551 402 1663 437 quam

479 462 587 494 autor
616 456 798 503 specificat
821 466 842 490 a
862 465 972 490 cursu
995 464 1072 489 suo.
1095 454 1184 488 Nam
1205 453 1329 489 Venus
1356 452 1552 498 aliquando
1571 463 1665 498 prae—

481 518 574 555 cedit
601 518 715 553 solem
745 516 780 551 in
807 519 891 551 ortu
921 526 1000 560 suo,
1029 517 1065 550 et
1092 518 1180 550 tunc
1207 517 1361 549 vocatur
1384 513 1540 558 Lucifer,
1561 513 1664 558 quasi

483 578 702 614 lucidissima
730 577 944 619 stellarum,
972 574 1170 620 aliquando
1198 584 1287 609 vero
1314 574 1433 609 oritur
1451 577 1532 620 post
1558 583 1666 609 occa-

483 649 564 674 sum
594 638 688 683 solis,
712 640 747 673 et
775 640 862 672 tunc
889 639 943 671 est
972 634 1187 681 retrograda
1215 637 1251 670 et
1279 637 1432 670 vocatur
1460 634 1665 680 Hesperus,

486 700 565 735 ideo
598 698 681 734 dicit
715 698 852 744 pulcre,
881 698 938 731 che
961 697 984 730 'l
1008 697 1062 730 sol
1091 696 1297 739 υαῃήθρῃὶα,
1326 695 1427 740 idest,
1455 705 1568 740 quam
1595 695 1668 730 Ve-

486 769 613 795 nerem
643 762 832 803 tamquam
863 766 995 803 vagam
1023 766 1127 790 suam
1155 755 1417 801 pulcerrimam
1443 755 1495 791 sol
1522 755 1669 801 pulcer-

486 820 601 855 rimus
630 818 785 864 respicit,
813 828 855 852 or
882 819 928 852 cla
955 827 1081 861 eoppa,
1112 815 1203 852 idest
1229 827 1250 851 a
1282 819 1398 863 tergo,
1433 819 1469 852 et
1503 819 1588 852 lunc
1615 820 1668 852 est

485 879 726 923 occidentalis,
742 889 785 913 07·
804 880 851 913 cla
870 879 986 921 ce'ylio,
1007 877 1107 922 idest,
1127 888 1148 912 a
1168 877 1299 921 fronte,
1318 881 1354 912 et
1373 880 1460 912 tunc
1475 880 1529 912 est
1548 877 1671 913 orien-

486 940 573 975 talis.
603 939 645 974 Et
673 939 793 974 subdit
821 937 1008 984 quomodo
1040 938 1231 973 intraverit
1259 948 1404 983 speram
1425 937 1588 982 Veneris,
1615 937 1671 972 di-

486 1010 594 1036 cens:
622 1001 655 1034 170
684 1010 753 1035 non
783 1000 825 1033 ιη’
841 1000 979 1033 accerst
999 1000 1036 1033 cli
1061 999 1169 1033 salire
1196 999 1329 1042 mella,
1352 998 1497 1042 scilicet,
1527 997 1667 1033 stellam

486 1063 634 1106 propter
671 1059 832 1094 subitum
871 1058 1064 1093 transitum
1101 1058 1237 1093 sactum
1276 1058 1310 1093 in
1344 1058 1507 1103 instanti3
1546 1068 1604 1092 ma
1635 1059 1670 1092 Ia

490 1121 609 1155 domm
644 1121 728 1163 mia,
762 1119 908 1163 scilicet,
946 1118 1103 1163 Beatrix,
1143 1118 1290 1153 domina
1330 1118 1538 1164 spiritualis,
1574 1119 1672 1153 ch’v'o

490 1182 559 1215 vidi
574 1182 637 1226 far
656 1177 716 1225 μίίι
735 1181 836 1224 bella,
856 1179 941 1225 qnia
960 1182 1098 1224 quanto
1119 1178 1234 1225 magis
1253 1178 1413 1214 ascendit
1436 1178 1551 1224 magis
1571 1179 1671 1215 exal-

492 1246 589 1277 tatur
618 1242 653 1276 in
682 1241 831 1286 lumine,
853 1241 938 1286 qnia
967 1240 1084 1286 magis
1105 1237 1138 1284 (¹)
1168 1240 1436 1286 appropinquat
1469 1239 1513 1274 ad
1539 1239 1671 1284 Deum,

492 1307 528 1338 et
563 1302 692 1338 altiora
720 1302 839 1346 videt,
872 1303 918 1336 mi
950 1303 1023 1346 fece
1064 1302 1161 1335 assai
1184 1302 1274 1346 fede,
1302 1310 1367 1346 per
1404 1299 1489 1335 satis
1525 1299 1674 1335 evidens

491 1363 648 1409 signum,
677 1363 846 1397 ‹I‘esserm'
871 1365 1046 1397 encro.—
1071 1364 1101 1396 E
1125 1371 1230 1395 come.
1266 1361 1329 1396 Hic
1361 1364 1470 1396 autor
1504 1359 1671 1396 describit

490 1421 630 1457 animas
667 1421 868 1456 luminosas
902 1419 1035 1465 positas
1070 1419 1104 1453 in
1142 1418 1208 1453 ista
1243 1418 1344 1454 stella
1376 1417 1575 1453 clarissima
1610 1427 1675 1463 per

492 1481 637 1527 pulcras
665 1480 969 1527 comparationes
1004 1480 1054 1514 Ad
1090 1479 1188 1525 qnod
1222 1483 1275 1514 est
1309 1479 1427 1525 primo
1462 1478 1675 1523 notandum,

494 1541 592 1587 quod
621 1542 743 1578 Venus
770 1541 974 1577 secundum
1002 1541 1206 1586 astrologos
1230 1543 1283 1575 est
1311 1540 1455 1585 planeta
1482 1539 1575 1575 bene
1602 1539 1677 1574 for-

493 1605 641 1637 tunatus
677 1601 882 1648 significans
922 1601 1106 1645 mulieres,
1137 1601 1386 1646 juventutem,
1420 1600 1676 1644 instrumenta,

492 1662 630 1706 solatia,
658 1662 744 1706 otia,
772 1665 1002 1705 ornamenta,
1024 1660 1150 1704 risum,
1174 1659 1364 1705 gandium,
1384 1659 1676 1705 delectationem,

493 1732 673 1766 amorem,
697 1721 929 1766 suavitatem,
949 1720 1169 1764 amicitiam,
1189 1723 1225 1755 et
1251 1723 1302 1755 est
1327 1719 1439 1755 calida
1460 1723 1495 1755 et
1515 1719 1676 1764 humida,

496 1781 604 1817 habet
631 1782 792 1817 colorem
821 1781 1037 1817 candentem
1059 1784 1095 1816 et
1114 1779 1377 1826 splendentem,
1402 1783 1437 1815 et
1456 1779 1521 1815 sibi
1541 1780 1678 1816 adscri-

495 1842 633 1877 buntur
661 1852 788 1877 omnes
816 1842 1045 1887 voluptates,
1074 1841 1154 1876 ideo
1181 1844 1290 1876 autor
1318 1840 1516 1876 introducit
1547 1841 1583 1875 in
1610 1841 1678 1877 hac

495 1913 600 1949 spera
627 1903 768 1938 animas
798 1913 928 1938 eorum
962 1901 1226 1945 virtuosorum,
1260 1901 1322 1946 qui
1361 1901 1395 1936 in
1425 1901 1497 1936 vita
1526 1902 1679 1937 fuerunt

500 1963 716 2009 voluptuosi,
738 1966 773 1998 et
801 1966 925 1998 tamen
953 1962 1046 1997 bene
1074 1961 1238 1997 viventes
1258 1962 1314 1997 vel
1344 1961 1438 1997 bene
1466 1961 1675 1998 morientes.

496 2023 586 2059 Dicit
613 2033 702 2070 ergo
720 2036 726 2058 :
748 2026 778 2058 E
797 2025 862 2058 m'cl'
878 2025 911 2057 io
939 2024 973 2057 in
1001 2032 1078 2057 essa
1098 2024 1183 2065 lnce,
1203 2021 1304 2067 idest,
1325 2021 1361 2056 in
1381 2022 1523 2058 Venere
1551 2022 1679 2058 lucen—

496 2084 644 2128 tissima,
673 2085 762 2118 allre
788 2085 938 2125 lucerne,
959 2083 1059 2128 idest,
1080 2083 1220 2118 animas
1240 2083 1403 2117 lucentes
1430 2092 1677 2118 venereorum

496 2145 558 2189 qui
586 2144 834 2180 communiter
862 2147 946 2178 sunt
974 2143 1101 2189 pulcri,
1123 2144 1296 2178 muoverst'
1319 2144 1354 2177 ἰη
1371 2144 1465 2187 giro,
1489 2143 1590 2188 idest,
1609 2143 1681 2179 cir-

497 2204 681 2249 culariter,
705 2204 790 2249 quia
819 2207 941 2239 motus
968 2207 1022 2239 est
1049 2203 1247 2249 perfectus3
1276 2206 1311 2238 et
1342 2203 1444 2239 dicit:
1470 2201 1531 2248 ρίὰ
1557 2214 1575 2238 e
1601 2214 1678 2239 men

561 2331 588 2360 (¹)
607 2334 629 2359 4,
649 2332 700 2361 ipsa
719 2333 808 2362 magis.
