1737 2836
1162 254 1228 286 139

61 478 224 512 CANTUS
248 476 480 509 VIGESIMUS
505 474 724 513 SEPTIMUS,
745 475 780 506 in
803 484 861 515 qno
885 477 1002 505 tractat
1025 474 1104 505 sicut
1128 476 1234 504 trans-

138 536 243 566 ierunt
266 545 327 574 per
357 533 489 565 medinm
517 532 602 572 mnis
633 530 675 562 ad
704 530 830 570 sigsmtm
860 529 1022 561 cuiusdam
1052 529 1134 560 vocis
1157 538 1231 559 can-

141 590 247 627 tantis,
281 592 309 620 et
334 594 455 628 postea,
485 597 578 618 cursa
600 596 662 626 per
690 595 740 616 eos
772 587 837 616 tota
864 584 951 616 scala
979 587 1007 615 et
1036 586 1144 621 monte,
1169 583 1234 614 *illic

142 644 371 685 aliquantulum
403 643 582 674 dormitavit
612 641 743 679 Dcmtes,
778 643 807 672 et
826 642 939 680 postea
971 639 1124 679 Viryilizcs
1153 638 1235 669 ‹lim't

143 701 223 731 sicut
239 711 304 731 cnm
329 710 362 730 eo
387 709 448 730 non
460 700 587 738 poterat
604 697 681 737 plns
707 697 817 734 venire,
843 698 871 727 et
894 695 997 735 {1232an
1021 704 1076 725 suo
1101 694 1233 725 arbitrio

143 755 412 787 recommendavit.

142 883 227 965 Si
257 940 358 963 coms
396 930 535 973 qnando
575 929 586 962 ι’
619 928 728 972 primi
760 926 866 969 rayyi
898 924 1006 958 vibra.
1042 924 1239 967 Postquam

69 995 176 1036 poeta
202 994 325 1025 noster
351 1000 373 1024 a
400 999 496 1023 nono
523 987 680 1033 capitulo
714 985 822 1020 liuius
854 984 934 1019 libri
961 984 1152 1027 hucusque
1178 981 1242 1017 de-

71 1050 210 1095 scripsit
225 1059 353 1084 verum
373 1047 629 1094 purgatorium
646 1046 853 1081 distinctum
871 1044 906 1078 in
921 1046 1058 1088 septem
1075 1042 1241 1086 circulos,

72 1110 107 1145 in
123 1110 254 1155 quibus
266 1112 470 1155 purgantur
485 1106 728 1142 diversimode
741 1108 879 1151 septem
895 1106 1043 1149 peccata
1057 1101 1221 1148 capitalia
1233 1113 1241 1145 ς

71 1180 168 1205 nunc
194 1180 215 1205 a
242 1168 408 1215 praesenti
435 1168 593 1213 capitulo
620 1176 738 1211 usque
764 1165 799 1200 in
828 1164 936 1199 finem
957 1162 1123 1198 describit
1143 1164 1242 1206 post-

72 1229 327 1276 purgatorium
342 1229 377 1263 in
393 1238 465 1273 quo
481 1227 580 1273 ponit
594 1225 802 1272 paradisum
820 1223 1046 1266 deliciarum,
1058 1225 1094 1256 et
1109 1221 1241 1267 figurat

73 1289 261 1325 ecclesiam
289 1289 353 1324 Dei
381 1288 605 1322 militantem.
638 1287 679 1320 Et
707 1294 865 1330 praesens
891 1281 1089 1328 capitulum
1118 1279 1244 1315 XXVII

73 1349 244 1385 dividitur
261 1345 294 1393 (¹)
320 1349 354 1383 in
380 1351 539 1392 quatuor
566 1349 686 1392 partes
713 1345 924 1392 generales:
947 1342 982 1377 in
1010 1341 1126 1387 prima
1154 1350 1245 1384 qua-

77 1420 160 1444 rum
188 1411 293 1455 poeta
321 1407 489 1443 describit
515 1405 778 1452 apparitionem
808 1403 916 1438 unius
938 1401 1055 1448 angeli
1076 1400 1137 1445 qni
1158 1409 1246 1445 pnr-

76 1472 138 1516 gat
165 1469 283 1514 ipsum
310 1468 356 1503 ab
383 1467 511 1501 ultimo
538 1466 624 1501 vitio
652 1464 819 1508 luxuriae,
842 1466 878 1498 et
905 1461 1031 1496 invitat
1057 1460 1101 1495 ad
1129 1462 1247 1494 trans-

77 1528 241 1564 eundum
269 1527 314 1562 ad
340 1527 489 1561 hortum
518 1536 582 1571 per
609 1525 730 1571 ignem
758 1533 843 1558 cum
871 1521 1006 1557 auxilio
1034 1519 1179 1566 Virgilii.
1208 1519 1247 1553 In

78 1587 236 1623 secunda
263 1585 430 1622 describit
458 1585 651 1620 transitum
672 1593 782 1618 suum
807 1582 903 1616 ultra
930 1581 1064 1626 ignem,
1085 1582 1119 1614 et
1141 1588 1246 1613 suam

78 1649 212 1684 bonam
243 1646 510 1692 dispositionem
543 1645 587 1680 ad
619 1643 820 1689 sequentia,
855 1641 920 1677 ibi:
956 1641 1021 1675 Poe·
1055 1641 1178 1674 dentre
1214 1639 1251 1672 αἰ

76 1710 188 1754 suoco.
209 1709 247 1742 In
266 1707 372 1742 tertia
390 1705 559 1741 describit
578 1715 694 1739 unum
714 1702 833 1738 nobile
855 1700 1052 1744 somnium,
1072 1699 1137 1733 ibi:
1158 1701 1251 1733 Poco

74 1772 190 1813 polea.
219 1768 257 1802 In
276 1769 407 1812 quarta
426 1769 461 1801 et
480 1764 607 1800 ultima
626 1763 725 1810 ponit
749 1760 886 1808 Virgilii
905 1758 1196 1795 exhortationem
1216 1760 1251 1792 et

81 1829 160 1864 eius
187 1837 385 1871 recessum,
414 1825 480 1860 ibi:
509 1828 540 1860 E
563 1820 636 1868 yid,
657 1834 722 1868 per
748 1824 772 1857 lt
796 1821 983 1867 splendori.
1012 1818 1064 1853 Ad
1091 1817 1249 1864 primum

82 1889 161 1924 dico
188 1887 285 1933 quod
312 1889 417 1932 poeta
444 1884 613 1920 describit
640 1883 824 1930 angelum,
853 1881 915 1917 sed
941 1879 1070 1926 primo,
1099 1880 1139 1912 ut
1166 1886 1252 1923 pro—

84 1948 189 1985 cedat
206 1947 340 1983 clarius
367 1945 411 1980 ad
435 1954 571 1979 novum
593 1945 800 1986 tractatum,
821 1939 991 1976 describit
1010 1939 1139 1972 horam
1158 1939 1253 1971 tem—

84 2008 180 2055 poris
207 2018 271 2053 per
297 2004 565 2052 dispositionem
594 2002 688 2038 solis.
716 2002 758 2036 Et
785 1998 1045 2036 sententialiter
1079 2006 1151 2031 non
1178 1995 1255 2030 vult

85 2069 182 2105 aliud
209 2068 330 2103 dicere
357 2065 422 2101 nisi
446 2064 543 2110 quod
562 2063 597 2098 in
617 2060 796 2107 superiori
815 2058 1033 2104 hemisperiO
1054 2056 1161 2092 fiebat
1179 2055 1256 2090 dies

87 2130 123 2165 in
149 2129 289 2164 oriente
316 2127 350 2162 in
378 2126 480 2172 signo
506 2123 639 2167 arietis,
668 2124 703 2157 et
731 2121 765 2155 in
792 2118 951 2155 inferiori
982 2117 1089 2153 fiebat
1121 2126 1193 2151 nox
1221 2114 1257 2149 in

89 2189 191 2236 signo
209 2188 326 2231 librae3
347 2185 443 2231 quod
462 2184 686 2220 demonstrat
705 2191 769 2227 per
790 2181 868 2224 hoc,
888 2177 986 2224 quod
1005 2177 1057 2212 sol
1079 2176 1114 2210 in
1133 2175 1258 2218 ariete,

154 2319 180 2349 (¹)
196 2318 220 2342 S.
239 2320 321 2348 potest
339 2316 423 2341 dividi.
