1766 2856
505 231 574 262 256
868 237 1071 262 COMENTUM
1098 237 1315 262 PERGATonu

504 309 603 346 coelis
630 313 714 344 sunt
748 312 887 354 septem
916 309 1027 344 stellae
1058 309 1230 354 lucentes,
1260 313 1300 344 ut
1330 309 1414 344 alibi
1440 310 1575 346 dictum
1611 314 1675 356 est,

503 371 532 404 Ie
556 372 680 415 facecm
708 371 859 403 claustro
888 370 925 403 di
951 379 987 403 se
1013 370 1048 403 ιή
1075 370 1220 412 σθνσήίο,
1249 369 1334 414 quia
1368 369 1403 404 in
1434 370 1586 406 moduni
1614 380 1677 406 co—

504 440 604 464 ronae
637 428 921 464 circumstabant
956 431 992 464 et
1027 429 1244 464 claudebant
1280 439 1380 474 eam3
1413 432 1447 464 et
1482 430 1576 475 dicit,
1612 440 1677 465 con

503 490 579 532 quei
606 490 688 522 lumi
713 489 747 522 in
767 498 885 531 mano,
906 487 1006 533 idest,
1028 498 1112 523 cum
1136 488 1200 523 illis
1220 492 1358 534 septem
1386 486 1675 533 luminaribusg')

503 558 586 594 quae
613 548 836 593 reliquerant
862 547 909 582 ibi
936 547 972 582 in
999 558 1086 583 aere
1113 548 1171 584 illa
1197 552 1336 594 septem
1370 549 1587 584 candelabra
1615 559 1676 584 ar-

502 608 634 653 dentia,
662 618 744 653 quae
778 611 861 642 sunt
897 610 1034 653 septem
1070 608 1164 643 dona
1191 608 1344 653 Spiritus
1371 608 1495 653 sancti,
1529 609 1588 643 che
1613 619 1676 643 son

502 670 609 704 sicurz'
634 669 837 714 cI'qucilone
863 678 880 702 e
906 669 1084 712 d'rwslro,
1115 668 1200 712 quia
1223 678 1295 703 nou
1323 668 1590 714 extinguuntur
1610 668 1676 703 ali-

502 739 575 774 quo
603 731 722 772 vento,
751 727 836 772 quia
864 738 936 762 non
963 738 984 762 a
1011 727 1124 762 borea
1152 727 1208 763 vel
1235 731 1372 773 austro,
1401 728 1463 773 qui
1486 731 1570 763 sunt
1597 738 1676 763 ma-

500 788 553 834 gis
581 787 727 822 violenti
755 796 867 831 quam
899 787 1081 832 zephyrus
1100 787 1157 821 vel
1184 796 1308 822 eurus.
1332 787 1457 823 Solum
1488 787 1584 823 enim
1613 797 1676 823 ve—

502 848 576 882 lun]
607 847 721 892 culpae
749 856 820 881 non
853 845 934 882 sinit
964 846 1022 881 illa
1056 846 1180 881 lucere
1215 846 1329 881 oculis
1364 846 1508 891 nostris,
1536 850 1577 881 ut
1598 847 1675 892 J'am

501 907 628 952 patuit.

580 967 644 1008 Qui
657 967 767 1000 sarai.
784 966 853 1001 Ista
866 969 919 1001 est
934 968 1063 1011 quarta
1079 970 1114 1001 et
1129 966 1257 1001 ultima
1272 977 1355 1012 pars
1370 962 1405 1011 (²1¹1
1422 967 1530 1002 huius
1548 967 1677 1013 penul-

502 1026 577 1061 timi
604 1025 761 1071 capituli,
793 1025 829 1059 in
857 1035 929 1070 qua
957 1028 1062 1070 poeta
1090 1025 1259 1060 describit
1287 1036 1457 1072 magnam
1484 1026 1676 1062 desolatio-

502 1096 597 1131 nem,
618 1095 700 1130 quae
720 1084 818 1120 veuit
844 1095 954 1130 super
972 1095 1126 1120 currum
1150 1085 1420 1130 triumphalem,
1441 1096 1551 1131 quem
1574 1085 1677 1120 Chri—

501 1150 577 1181 stus
608 1145 785 1191 ligaverat
819 1144 864 1180 ad
899 1144 1082 1180 arborem.
1115 1145 1156 1179 Et
1188 1145 1305 1190 primo
1338 1145 1436 1190 ponit
1472 1145 1674 1181 orationem

500 1204 673 1241 Beatricis
700 1204 744 1239 ad
776 1214 814 1239 se
846 1214 956 1249 quem
975 1200 1009 1248 (3)
1039 1204 1165 1239 invitat
1196 1204 1241 1239 ad
1275 1204 1471 1240 videndum
1507 1205 1675 1250 quaedam

502 1265 674 1301 terribilia
689 1264 886 1310 affligentia
901 1267 936 1299 et
951 1265 1120 1299 vexantia
1140 1265 1385 1310 multipliciter
1400 1275 1565 1300 currum.
1585 1265 1677 1300 Dicit

501 1335 590 1371 ergo
618 1324 763 1360 Beatrix
790 1324 924 1359 faciens
951 1328 1095 1370 poetam
1119 1324 1339 1360 benevolum
1368 1328 1402 1360 et
1428 1328 1609 1360 attentum
1628 1325 1673 1361 ad

501 1384 670 1420 dicenda:
700 1387 747 1418 Tu
766 1385 868 1418 saraa·
879 1394 971 1428 poco
990 1388 1100 1428 tempo
1121 1385 1256 1418 silvano
1283 1385 1353 1427 qui,
1373 1384 1473 1429 idest,
1493 1385 1674 1420 habitator

502 1445 603 1479 istius
629 1444 740 1490 sylvae
775 1443 957 1488 delitiosae,
990 1443 1075 1488 quia
1107 1454 1188 1478 cras
1218 1453 1365 1478 mecum
1398 1444 1468 1479 eris
1495 1444 1530 1478 in
1557 1444 1674 1488 coelo;

503 1504 600 1539 unde
627 1503 729 1538 dicit:
758 1514 775 1537 e
800 1505 901 1537 sarai
926 1514 1032 1547 meco,
1052 1504 1087 1538 in
1114 1507 1251 1538 aeterna
1279 1504 1362 1548 vita,
1385 1514 1492 1539 senza
1515 1505 1585 1549 fine
1605 1506 1676 1539 cive

501 1566 538 1598 ‹It'
564 1565 675 1607 quella
703 1565 828 1605 Roma,
850 1562 949 1607 idest,
970 1573 1138 1608 supernae
1158 1563 1295 1608 patriae,
1315 1565 1404 1598 oncle
1434 1565 1544 1599 cristo
1570 1562 1589 1599 e*
1613 1574 1675 1599 ro—

503 1634 621 1665 mano,
650 1622 734 1667 quia
763 1626 815 1657 est
843 1622 1041 1667 imperator
1066 1622 1159 1657 illius
1178 1623 1300 1657 curiae.
1324 1623 1367 1657 Et
1386 1627 1470 1659 nota
1494 1624 1591 1668 quod
1610 1634 1675 1669 po-

502 1683 572 1718 tius
595 1682 677 1717 facit
697 1682 920 1717 mentionem
947 1682 992 1717 de
1019 1682 1134 1717 Roma
1163 1692 1273 1726 quam
1302 1682 1347 1717 de
1374 1683 1576 1718 Jerusalem
1604 1683 1673 1728 hic,

503 1742 588 1787 quia
615 1742 730 1776 Roma
758 1741 793 1776 in
822 1745 986 1787 tempore
1013 1741 1139 1787 gratiae
1167 1741 1232 1775 suit
1261 1742 1375 1786 patria
1402 1742 1502 1776 istius
1529 1752 1674 1787 currus,

503 1802 605 1838 sedes
633 1800 854 1847 pontificum,
883 1804 981 1836 terra
1010 1801 1085 1836 fere
1114 1804 1186 1835 tota
1217 1800 1360 1835 madida
1379 1801 1557 1847 sanguine
1576 1812 1676 1837 mar-

504 1865 638 1907 tyrum,
663 1864 698 1896 et
720 1860 805 1905 quia
829 1860 949 1895 statim
969 1860 1081 1906 tangit
1102 1860 1373 1905 persecutiones
1393 1871 1484 1906 quas
1512 1861 1675 1896 fecerunt

504 1921 646 1956 romani
673 1920 911 1966 imperatores
938 1924 1064 1955 contra
1092 1920 1200 1954 istum
1230 1930 1395 1955 currum.
1420 1920 1537 1956 Roma
1566 1921 1674 1956 etiam

503 1980 569 2015 suit
596 1980 711 2026 patria
738 1980 922 2025 libertatis,
954 1980 1050 2015 unde
1077 1979 1195 2015 omnis
1222 1980 1312 2015 liber
1336 1980 1445 2014 homo
1472 1980 1675 2025 appellatur

503 2041 590 2076 civis
618 2050 792 2076 romanus
820 2040 855 2075 in
879 2041 964 2086 Jure
992 2039 1102 2084 civili;
1131 2040 1208 2074 vult
1239 2049 1327 2085 ergo
1361 2039 1481 2074 dicere
1508 2039 1673 2074 Beatrix:

505 2104 541 2134 lu
562 2100 624 2144 qui
644 2111 739 2135 nunc
759 2111 797 2135 es
817 2100 903 2135 civis
924 2104 1079 2135 terrenae
1098 2099 1224 2134 Romae
1243 2098 1313 2133 cito
1333 2099 1402 2133 cris
1422 2098 1508 2133 civis
1527 2102 1674 2133 {eternae

502 2160 646 2203 Romae,
675 2159 775 2203 quasi
796 2159 909 2194 dicat:
939 2159 1023 2211 quia
1051 2161 1090 2192 tu
1118 2168 1156 2193 es
1184 2158 1231 2192 ita
1259 2157 1396 2192 electus
1425 2161 1460 2192 et
1488 2157 1673 2203 praedesti-

577 2252 581 2263 ¹
611 2252 638 2274 li.
658 2252 804 2275 luminibus.
1057 2250 1082 2278 ζ’)
1103 2253 1145 2274 117
1163 2257 1176 2274 e
1195 2251 1223 2273 E.
1242 2257 1299 2280 pars
1317 2250 1450 2280 generalis.

564 2289 590 2319 ᾗ)
611 2292 662 2318 117,
680 2297 736 2319 qua¹
755 2291 843 2313 invitat
860 2297 920 2313 euni
938 2290 968 2312 ad
986 2289 1091 2312 videnda
1110 2289 1235 2319 quaedam.
