1737 2836
384 256 521 283 CANTUS
548 257 738 283 leESIMcs
765 257 933 283 OCTAVUS.
1174 251 1241 283 163

73 327 170 364 venti
196 328 264 363 sint
292 328 411 364 ssaturi
439 338 503 375 per
531 328 718 364 triduum:
748 329 844 365 unde
870 329 1006 364 dictum
1035 334 1090 365 est
1117 332 1243 364 ventos

71 388 235 434 paruisse
263 389 360 424 Eolo.
388 388 474 424 Aliae
501 392 661 434 quatuor
688 393 771 424 sunt
792 389 940 425 minoris
959 389 1077 434 famae,
1095 389 1141 424 de
1162 389 1244 434 qui-

73 447 141 483 bus
159 448 268 483 etiam
290 448 450 494 loquitur
469 448 666 484 Martianus
685 449 839 495 Capella.
860 449 1021 484 Justinus
1040 459 1129 485 vero
1148 449 1243 494 dicit,

74 508 171 554 quod
197 509 305 543 Eolus
332 508 497 544 extinctis
518 508 732 554 Cyclopibus
760 519 916 555 regnum
937 510 1063 545 Siciliae
1086 519 1244 555 occupa-

75 568 124 603 vit
142 571 261 604 etc.—
271 563 344 603 Gid.
358 568 421 604 Hic
435 571 538 613 poeta
555 568 724 603 describit
738 579 874 613 aquam
895 568 1109 615 irrigantem
1135 569 1243 604 istum

74 628 311 663 amoenissum
333 629 492 664 hortum.
513 629 554 663 Et
574 629 691 674 primo
710 628 925 664 continuans
951 639 1001 673 se,
1024 629 1118 673 dicit,
1148 629 1243 674 quod

75 698 159 723 cum
187 692 280 723 esset
307 688 391 724 satis
418 689 608 734 elongatus
634 699 656 724 a
683 688 760 734 ripa
788 688 923 734 reperit
950 688 1103 723 fluvium
1132 688 1245 723 inter-

76 751 307 793 rumpentem
336 759 444 783 suum
473 748 541 783 iter
560 751 714 783 rectum.
735 748 836 783 Unde
862 747 965 783 dicit:
993 750 1013 782 Ι
1037 749 1245 793 lenlipasst,

75 807 177 852 quasi
204 807 318 842 dicat:
339 807 420 843 licet
439 807 644 843 incederem
673 808 780 853 lente,
799 803 858 851 yid
886 809 1055 842 m’avean
1083 812 1245 853 {rasper-

74 870 157 910 tato,
176 866 276 911 idest,
297 870 631 913 transportaverant
652 877 710 902 me
729 878 814 903 cum
836 878 967 914 magna
994 867 1245 913 delectatione,

74 927 171 972 quod
202 938 273 963 non
306 927 581 973 perpenderam,
615 929 736 962 dentre>
776 929 847 962 alla
881 929 975 962 selca
1008 929 1138 971 cmle'ca,
1171 939 1245 973 qua

74 987 171 1021 nulla
199 990 251 1022 est
277 986 472 1031 antiquior,
492 986 576 1032 quia
597 986 643 1021 ibi
671 987 774 1032 positi
802 987 951 1022 suerunt
979 987 1083 1033 primi
1112 998 1243 1033 paren-

75 1049 138 1090 tes,
175 1050 284 1090 tanto,
322 1047 371 1080 clz'
390 1047 424 1080 io
455 1056 524 1080 non
555 1050 659 1091 polea
690 1048 828 1081 rivecler
859 1048 940 1081 oml’
958 1048 992 1081 io
1024 1048 1243 1092 m’enlrassi,

74 1105 220 1150 quando
247 1116 267 1140 a
295 1105 468 1151 principio
497 1106 628 1141 recessi
655 1116 676 1141 a
704 1106 800 1152 ripa:
829 1108 872 1141 ed
897 1117 974 1141 ecco
1002 1118 1047 1142 zm
1069 1109 1138 1150 rio,
1158 1117 1245 1152 pro-

75 1165 206 1200 fundus
233 1169 269 1200 et
294 1169 418 1200 arctus
435 1161 470 1209 (¹)
494 1165 689 1201 latitudinis
717 1166 827 1201 trium
856 1176 1042 1211 passuum,
1064 1170 1103 1201 ut
1124 1170 1246 1212 postea

75 1225 226 1260 dicetur.
255 1226 319 1261 Hic
345 1229 471 1261 autem
499 1229 577 1261 erat
605 1226 736 1261 ssuvius
770 1227 937 1261 Lethaeus
971 1226 1033 1271 qui
1067 1226 1193 1273 irrigat
1210 1222 1246 1270 β)

75 1284 183 1320 istum
212 1286 359 1321 bortum
388 1296 432 1321 ex
465 1296 537 1320 una
574 1289 696 1331 parte3
726 1297 808 1321 nam
842 1296 887 1321 ex
921 1286 990 1322 alia
1025 1290 1078 1322 est
1114 1287 1247 1322 fluvius

75 1345 258 1391 oppositus
285 1346 352 1390 isti,
372 1345 433 1391 qui
461 1346 587 1392 irrigat
606 1346 713 1381 aliam
735 1350 897 1391 partem,
920 1348 967 1381 mi
988 1348 1069 1381 lolse
1096 1348 1247 1382 l'audar

71 1403 145 1449 piel,
166 1406 265 1449 idest,
283 1406 482 1451 procedere
501 1406 653 1441 ulterius
672 1416 737 1452 per
756 1406 823 1441 iter
846 1407 1067 1452 i110oeptun13
1084 1407 1164 1443 ideo
1183 1407 1248 1443 do—

77 1465 184 1510 mina,
213 1476 324 1510 quam
353 1465 511 1501 inveniet
537 1466 669 1511 statim,
697 1466 805 1501 ducet
833 1476 918 1501 euni
947 1477 1011 1512 per
1040 1467 1153 1512 ripam
1179 1468 1248 1502 ssu-

78 1525 181 1560 minis
200 1525 314 1561 donec
335 1529 475 1572 merget
495 1536 581 1561 eum
602 1526 635 1560 in
658 1536 806 1571 aquam,
826 1529 861 1561 et
881 1527 1140 1572 transportabit
1161 1538 1247 1563 eum

77 1585 181 1620 ultra.
211 1585 252 1620 Et
278 1585 398 1620 subdit
425 1586 664 1621 excellentem
693 1586 973 1631 pulcritudinem
1009 1587 1111 1622 istius
1142 1598 1248 1633 aquae

76 1655 140 1691 per
167 1646 477 1691 comparationem
505 1646 653 1691 claram,
681 1645 821 1681 dicens:
842 1650 920 1681 tutte
946 1648 1088 1691 l'acque
1109 1648 1167 1682 che
1183 1658 1249 1682 son

76 1707 112 1740 di
138 1716 219 1749 qua,
247 1705 281 1740 in
298 1701 333 1749 ὅ)
362 1708 484 1740 nostro
513 1705 662 1750 mundo,
686 1703 746 1750 piet
773 1707 910 1749 monde,
932 1706 1036 1751 sicut,
1062 1717 1159 1752 aqua
1191 1707 1249 1742 Ti-

77 1765 146 1800 cini
173 1765 268 1810 apud
297 1765 455 1810 Papiam,
483 1768 518 1800 et
545 1775 641 1810 aqua
668 1765 798 1801 Benaci
818 1766 914 1811 apud
937 1766 1132 1811 Veronam,
1156 1777 1248 1811 par-

78 1826 175 1859 rieno
209 1835 313 1859 arere
344 1826 379 1858 in
409 1836 444 1859 se
478 1826 623 1859 mistura
658 1827 798 1869 alcuna,
835 1825 936 1871 idest,
973 1827 1248 1871 turbulentiam,

80 1895 179 1918 verso
210 1885 246 1919 di
276 1885 401 1930 quella,
437 1884 537 1929 idest,
569 1884 603 1919 in
641 1885 914 1930 comparatione
944 1885 989 1920 ad
1023 1896 1157 1930 aquarn
1198 1887 1249 1922 le-

79 1944 220 1979 tbaeam.
250 1944 292 1978 Et
318 1944 411 1979 bene
437 1943 521 1979 dicit
548 1947 652 1989 poeta
680 1945 777 1989 quod
797 1945 839 1979 sit
859 1948 931 1979 tam
951 1945 1092 1980 sincera
1111 1948 1147 1981 et
1167 1945 1249 1980 lim—

79 2003 170 2050 pida,
199 2003 282 2048 quia
310 2014 406 2048 aqua
436 2003 620 2038 mundana
652 2014 722 2038 non
751 2004 846 2039 lavat
874 2004 939 2038 nisi
967 2004 1091 2040 sordes
1118 2015 1249 2051 corpo-

80 2074 175 2108 rum,
212 2064 276 2099 ista
308 2074 397 2099 vero
428 2063 552 2098 sordes
586 2063 807 2108 animarum,
843 2065 900 2098 che
931 2066 1026 2099 malla
1060 2067 1248 2110 nascende,

79 2123 163 2168 quia
191 2134 301 2169 parva
330 2123 467 2158 festuca
495 2127 611 2169 posset
634 2123 744 2158 videri
768 2124 802 2158 in
823 2124 933 2159 fundo
953 2125 1041 2170 eius,
1062 2129 1098 2161 et
1125 2129 1248 2162 tamen

79 2184 146 2219 hoc
174 2183 317 2218 videtur
346 2183 509 2218 mirabile
537 2193 622 2218 cum
651 2183 693 2218 sit
717 2187 789 2219 tota
813 2188 1005 2230 cooperta,
1030 2185 1125 2221 unde
1143 2185 1247 2221 dicit:

143 2309 170 2339 (¹)
188 2310 216 2333 E.
235 2310 308 2333 altus.
435 2310 461 2340 (²)
480 2311 510 2334 E.
527 2312 655 2342 irrigabat.
784 2312 807 2342 (³,
829 2316 879 2339 115.
898 2314 962 2337 idest
979 2314 1004 2337 in
1022 2316 1110 2337 nostro
1127 2314 1233 2337 mundo.
