1766 2856
519 219 586 250 126
875 221 1077 248 COMENTUM
1103 221 1325 246 PURGATORII

515 295 659 331 finitura
687 299 740 331 est
767 297 888 330 vestra
915 303 1021 339 poena
1051 292 1217 339 quamvis
1244 293 1363 339 longa,
1392 293 1422 327 le
1448 292 1603 327 membra
1622 293 1687 327 mie

514 367 583 391 non
609 366 672 390 son
699 357 828 390 rz'mase
854 353 988 397 acerbe,
1014 353 1159 397 scilicet,
1179 352 1213 387 in
1229 353 1436 398 juventute,
1469 349 1513 387 ne*
1536 355 1683 397 mature,

514 416 657 460 scilicet,
686 415 720 450 in
747 417 952 450 senectute:
981 417 1061 449 erat
1087 413 1184 449 enim
1218 412 1410 448 mediocris
1437 412 1563 458 aetatis,
1591 412 1686 448 scili-

515 479 571 511 cet
597 475 743 521 triginta
770 474 933 520 quinque
959 483 1154 518 annorum,
1186 474 1222 508 di
1250 467 1297 516 Ιὰ,
1317 472 1462 517 scilicet,
1487 472 1522 507 in
1548 471 1686 508 mundo

515 534 728 579 viventium,
756 534 858 580 quasi
889 533 984 568 dicat
1017 543 1088 567 non
1121 543 1203 567 sum
1238 535 1425 577 mortuus;
1454 531 1551 567 unde
1582 531 1684 567 dicit:

517 606 574 630 ma
599 606 663 630 son
691 596 748 638 qai
774 604 879 636 mero,
898 593 1043 637 scilicet‚
1063 593 1232 637 viventia,
1260 594 1315 627 col
1333 602 1465 636 sangae
1489 602 1552 626 sao
1579 602 1596 626 e
1622 601 1685 626 con

516 656 546 690 Ie
571 666 630 689 sae
654 656 823 698 mantare.
852 654 893 688 Et
920 653 1005 699 quia
1033 653 1067 687 iu
1095 652 1266 698 petitione
1297 652 1433 688 dictum
1470 652 1590 688 fuerat
1621 652 1687 687 sibi

517 714 614 760 quod
643 725 714 749 non
742 714 815 748 ibat
842 716 921 759 post
946 712 1034 748 alios
1061 715 1208 758 propter
1232 711 1437 747 tarditatem
1461 711 1558 757 quod
1580 711 1687 747 cede-

517 774 576 809 bat
605 774 669 809 sibi
696 773 741 808 ad
767 773 933 819 gloriam,
954 772 1033 807 ideo
1053 771 1127 817 ipse
1154 771 1215 816 qui
1244 781 1316 806 non
1343 771 1473 816 quaerit
1492 781 1588 806 nunc
1607 771 1688 806 lau—

517 835 612 878 dem,
647 833 708 868 sed
744 832 1000 878 purgationem
1034 841 1187 866 suorum
1226 833 1460 876 peccatorum
1495 830 1689 876 respondet

516 894 702 929 humililer
728 891 903 928 confitens
934 902 1038 926 suam
1072 890 1330 938 negligentiam
1360 894 1395 926 et
1427 891 1687 937 ignorautiam3

517 954 613 989 unde
638 953 741 988 dicit:
775 953 888 996 quince·
922 962 962 986 sa
994 962 1048 996 το,
1084 961 1148 997 per
1183 954 1344 986 montem
1374 951 1496 996 istum,
1527 961 1592 995 per
1616 961 1688 985 non

517 1024 609 1048 esser
631 1010 690 1057 ρὶιί
708 1013 811 1055 ciem,
840 1011 924 1057 quia
952 1011 1058 1046 nimis
1084 1011 1143 1045 diu
1173 1010 1222 1045 fui
1250 1014 1286 1046 et
1312 1010 1417 1045 nimis
1444 1009 1582 1045 tardavi
1609 1019 1688 1056 poe-

518 1073 725 1117 nstentiamg
759 1072 820 1108 sed
856 1071 973 1118 gratia
1009 1071 1072 1107 Dei
1108 1070 1289 1106 succurrit
1321 1070 1419 1105 mihi.
1451 1070 1552 1106 Unde
1585 1069 1687 1105 dicit:

519 1135 639 1169 donna
675 1131 693 1167 e*
723 1134 758 1167 de?
787 1142 909 1176 sopra,
944 1131 1088 1175 scilicet,
1122 1130 1280 1175 Beatrix,
1314 1134 1353 1165 ut
1388 1130 1518 1165 totiens
1550 1130 1686 1165 dictum

519 1197 584 1237 est,
612 1194 670 1227 elce
696 1194 728 1227 η’
744 1193 901 1236 acqm'sta
925 1193 1075 1235 mazca,-
1102 1190 1182 1226 ideo
1210 1190 1305 1225 misit
1331 1189 1521 1236 Virgilium
1544 1189 1590 1224 ad
1616 1199 1687 1234 me,

513 1252 641 1298 perc-lte*
657 1254 680 1287 ’l
706 1253 863 1295 mortale,
891 1251 1035 1296 scilicet,
1059 1261 1202 1296 corpus,
1222 1261 1302 1285 reco
1318 1261 1382 1294 per
1401 1254 1517 1294 questo
1545 1251 1687 1293 mondo,

519 1313 619 1358 idest,
646 1316 751 1359 porto
779 1323 843 1358 per
870 1311 1136 1358 purgatorium.
1152 1313 1286 1345 —JIa.
1312 1310 1374 1345 Hic
1401 1313 1507 1356 poeta
1534 1310 1690 1346 dulciter

518 1372 661 1408 adiurat
688 1372 877 1418 praedictos
905 1374 944 1406 ut
972 1371 1201 1406 manifestent
1229 1381 1267 1406 se
1294 1373 1328 1405 et
1360 1370 1448 1405 alios
1479 1369 1690 1406 recedentes

518 1432 553 1467 iu
581 1431 801 1467 contrariam
831 1434 982 1476 partem.
1008 1430 1108 1466 Unde
1132 1430 1235 1465 dicit:
1265 1433 1325 1464 JIa
1343 1441 1379 1464 se
1398 1432 1432 1465 la
1454 1434 1570 1464 vostra
1589 1440 1690 1473 may-

518 1494 597 1536 ffl'or
626 1493 740 1535 zroylia
767 1493 915 1534 clia-effla
943 1494 1028 1525 tosto
1046 1492 1161 1533 sax-ia,
1187 1500 1270 1535 quae
1293 1500 1390 1525 nunc
1418 1493 1470 1525 est
1498 1490 1545 1525 ita
1572 1489 1688 1535 avida,

518 1548 545 1586 si
571 1553 667 1585 clee’l
691 1552 755 1585 ciel
782 1551 988 1594 v’alberyln‘,
1026 1560 1097 1585 non
1124 1550 1258 1585 coelum
1290 1549 1423 1585 mobile
1455 1550 1515 1585 sed
1545 1559 1689 1596 semper

520 1610 699 1655 quietum,
728 1609 808 1645 clz’e'
836 1612 914 1654 pien
940 1611 1104 1653 cl’amor,
1132 1609 1278 1653 scilicet,
1305 1609 1440 1644 coelum
1469 1619 1686 1655 empyreum

519 1670 616 1715 quod
645 1673 761 1705 totum
789 1673 842 1705 est
870 1671 929 1705 lux
959 1673 993 1705 et
1021 1680 1136 1714 amor,
1153 1666 1213 1713 pte}
1239 1671 1355 1713 ampio
1381 1671 1411 1704 se?
1435 1671 1574 1713 spazz'a,
1602 1669 1686 1715 quia

519 1729 677 1765 continet
704 1740 832 1764 omnes
858 1730 970 1765 coelos
996 1729 1090 1764 intra
1118 1739 1175 1773 se:
1203 1730 1318 1762 (Ie'lami
1344 1729 1397 1763 cm*
1430 1730 1484 1763 roi
1508 1731 1600 1772 sivla,
1628 1729 1689 1774 qui

520 1789 603 1824 estis
631 1789 664 1823 in
693 1789 757 1824 ista
785 1789 903 1834 turba,
931 1800 948 1823 e
974 1790 1026 1823 cla¹
1052 1785 1070 1823 e*
1095 1790 1206 1833 quella
1230 1789 1331 1822 [urba
1357 1790 1416 1822 che
1441 1786 1469 1823 sl
1497 1799 1538 1823 ne
1566 1799 1609 1823 va
1636 1790 1690 1824 di-

519 1853 614 1883 relro
634 1850 669 1883 ai
689 1851 795 1883 vostri
822 1850 957 1893 leryln'?
984 1849 1024 1883 Et
1052 1848 1154 1883 dicit:
1183 1844 1278 1882 aeci«)
1305 1849 1479 1883 clz’cmcor
1503 1859 1545 1883 ne
1572 1849 1692 1892 veryhi

519 1912 626 1951 carle,
654 1908 754 1953 idest,
792 1908 944 1953 lineem3
974 1908 1076 1954 quasi
1108 1908 1214 1952 dicat,
1250 1911 1288 1942 ut
1320 1908 1475 1943 scribam
1509 1907 1554 1943 de
1590 1907 1691 1943 vobis

519 1971 553 2003 et
580 1968 663 2003 dem
692 1968 792 2003 vobis
820 1968 967 2013 famam,
988 1968 1015 2003 si
1037 1968 1070 2003 in
1096 1967 1234 2002 mundo
1255 1967 1427 2003 remansit
1446 1967 1592 2002 infamia
1612 1967 1691 2002 libi-

518 2027 785 2062 dinis—Non.
814 2028 877 2064 Hic
905 2031 1009 2074 poeta
1037 2027 1206 2063 describit
1240 2026 1410 2062 effectum
1439 2037 1515 2061 suae
1543 2036 1692 2072 respon-

519 2086 636 2129 sionis,
665 2090 699 2121 el
727 2087 809 2122 dicit
836 2098 919 2122 cum
950 2087 1223 2133 comparatione
1249 2087 1346 2122 clara
1379 2086 1476 2131 quod
1508 2086 1554 2121 illi
1588 2086 1692 2132 spiri-

519 2149 575 2180 tus
602 2145 725 2180 audito
753 2146 798 2182 ‹le
825 2157 891 2182 suo
910 2147 1035 2183 vivere
1059 2157 1132 2192 prae
1152 2150 1300 2192 stupore
1321 2146 1608 2191 obmutuerunt3
1628 2145 1690 2181 sed

519 2206 627 2252 paulo
655 2210 733 2251 post
760 2206 921 2252 deposito
948 2211 1097 2252 stupore
1123 2206 1240 2241 Guido
1263 2206 1485 2242 Guinicellus
1503 2205 1611 2251 coepit
1632 2216 1690 2241 re—

519 2266 697 2313 spondere
724 2266 767 2301 ad
795 2267 989 2311 quaesitum
1013 2265 1134 2301 s'uum.
1155 2267 1255 2302 Unde
1273 2266 1375 2302 dicit:
1396 2269 1443 2301 Lo
1465 2269 1690 2309 montanaro,
