1737 2836
371 252 509 278 CANTUS
535 252 724 277 VIGESIMUS
749 250 917 277 OCTAVL'S.
1163 242 1230 274 175

58 335 148 360 cesse
174 326 301 359 alcuna
326 335 458 368 yzeerrcz
484 325 669 368 all'uomo,
694 322 887 358 habitatori
910 322 1017 357 huius
1041 321 1119 366 loci,
1140 320 1232 356 sicut

59 384 224 419 videmus
256 384 351 429 quod
387 384 461 419 istae
493 383 749 429 impressiones
782 382 918 418 faciunt
949 382 1085 417 bellum
1118 380 1232 416 conti—

59 454 175 479 nuum
205 448 239 479 et
273 443 496 479 inexorabile
530 443 665 478 homini
700 442 874 477 habitanti
908 442 943 476 in
979 444 1102 476 nostra
1135 444 1234 476 terra

60 504 254 539 habitabili.
283 503 383 539 Unde
409 503 511 538 dicit:
539 514 556 538 e
588 503 777 545 liberorum,
809 502 909 547 idest,
944 501 1095 537 altitudo
1131 501 1233 536 istius

61 564 193 599 montis
221 563 386 599 liberavit
414 563 598 599 hominem
627 566 663 598 et
690 572 750 598 me
769 565 804 598 et
826 571 954 596 omnes
982 561 1169 597 tendentes
1188 561 1232 596 ad

61 623 234 660 virtutem
249 634 313 669 per
328 627 446 659 totum
461 623 716 670 purgatorium
731 622 777 657 ab
793 621 892 657 omni
909 621 1183 666 perturbatione
1197 617 1233 665 (¹)

61 683 132 728 tali,
167 685 213 718 <la
241 685 326 727 indi,
354 684 454 728 idest,
482 683 528 718 ab
561 683 635 728 ipsa
666 685 770 728 porta
803 680 1002 727 purgatorii
1035 681 1137 725 citra,
1172 692 1234 715 ove

59 744 90 778 si
114 754 237 787 serra,-
266 744 339 789 ipse
357 739 391 787 ὅ),
421 753 524 778 mons
550 743 596 778 ab
623 742 754 789 angelo
781 741 974 787 clavigero.
999 741 1040 775 Et
1068 740 1125 775 hic
1148 743 1233 775 nota

63 802 160 848 quod
180 802 214 837 in
243 803 308 838 ista
335 803 512 848 particula
539 802 621 837 sorti
648 804 753 848 poeta
781 811 853 836 non
881 801 958 835 vult
989 800 1085 835 aliud
1113 799 1234 835 dicere

62 863 334 908 sententialiter,
355 863 421 898 nisi
450 862 545 908 quod
574 863 639 898 iste
667 862 767 897 locus
789 861 904 896 factus
931 864 984 896 est
1006 859 1235 905 temperatis-

62 922 176 958 simus
203 926 239 958 et
265 933 444 967 amoenus,
466 927 504 957 ut
532 923 642 957 homo
670 921 776 957 nullis
803 919 1137 967 perturbationibus
1166 920 1235 954 im-

62 982 202 1028 peditus
233 982 477 1028 spiritualibus
505 981 639 1018 deliciis
674 981 859 1016 frueretur
879 976 926 1025 (³).
954 999 1003 1004 —
1033 982 1093 1014 Or.
1131 979 1235 1014 Nunc

62 1042 236 1077 Mathildis
262 1046 406 1078 ostenso
429 1052 544 1087 quare
564 1045 694 1077 ventus
714 1044 836 1076 noster
855 1040 912 1076 vel
931 1040 1051 1085 aliqua
1078 1039 1148 1074 alia
1172 1049 1236 1085 pe-

64 1102 296 1148 regrinarum
325 1101 605 1147 impressionum
633 1111 705 1136 non
723 1100 866 1147 attingit
885 1101 1005 1135 locum
1026 1099 1135 1135 istum
1156 1109 1235 1134 ma—

66 1161 161 1196 xime
184 1162 370 1207 quietumg
390 1172 487 1197 nunc
504 1161 662 1208 assignat
681 1171 807 1197 veram
830 1170 979 1196 causam
1003 1160 1104 1194 istius
1125 1159 1234 1204 venti,

63 1225 99 1257 et
126 1222 268 1257 videtur
296 1221 387 1257 velle
413 1221 535 1257 dicere
562 1221 597 1256 in
625 1221 757 1257 effectu
792 1220 889 1266 quod
921 1220 1005 1265 quia
1038 1230 1142 1254 mons
1169 1219 1236 1254 iste

65 1281 336 1327 superextendit
364 1291 541 1317 cacumen
569 1291 678 1315 suum
699 1281 733 1315 in
753 1290 839 1315 aere
858 1279 952 1324 vivo,
973 1279 1034 1324 qui
1062 1278 1235 1314 continuo

66 1341 222 1377 volvitur
249 1352 334 1377 cum
363 1341 595 1376 firmamento
627 1340 728 1385 coeli3
762 1340 842 1375 ideo
877 1339 956 1375 talis
987 1342 1108 1374 motus
1140 1338 1236 1374 aeris

65 1402 261 1447 superioris
291 1405 345 1437 est
377 1412 487 1437 causa
520 1401 597 1436 soni
631 1401 706 1436 sive
739 1401 846 1436 venti.
876 1400 926 1435 Ad
956 1400 1098 1436 literam
1126 1410 1235 1446 ergo,

66 1461 150 1506 quia
183 1464 286 1506 poeta
320 1465 443 1496 noster
474 1464 615 1507 poterat
646 1460 768 1496 dicere
799 1460 854 1495 isti
888 1460 1063 1495 dominae:
1092 1470 1114 1494 o
1142 1459 1236 1494 bona

66 1521 209 1565 femina,
238 1521 322 1556 satis
349 1521 467 1556 dixisti
495 1520 580 1555 mihi
609 1530 724 1565 quare
743 1523 874 1555 ventus
894 1523 1016 1555 noster
1039 1529 1110 1554 non
1129 1519 1236 1554 attin-

65 1581 115 1627 git
143 1581 246 1615 istam
274 1580 514 1626 altitudinem,
542 1580 603 1616 sed
632 1581 699 1615 hoc
727 1590 799 1615 non
827 1583 881 1615 est
907 1579 1005 1624 quod
1033 1582 1128 1624 peto,
1164 1579 1238 1614 imo

68 1641 194 1676 vellem
224 1641 316 1676 scire
343 1651 492 1676 causam
520 1640 622 1676 istius
650 1640 746 1675 venti
771 1639 827 1675 hic
845 1639 890 1675 de
912 1650 986 1684 quo
1006 1639 1130 1674 miror.
1155 1638 1238 1674 Ideo

68 1701 241 1736 Mathildis
267 1701 369 1736 dicit:
407 1703 458 1736 Or
489 1703 515 1736 z'l
539 1701 686 1744 cerchio,
714 1700 815 1745 idest,
843 1699 1001 1735 circulus
1027 1698 1121 1734 aeris
1155 1698 1237 1743 vivi,

66 1762 96 1795 si
120 1762 218 1804 volqe
243 1765 349 1804 ratlo,
376 1761 476 1806 idest,
506 1761 689 1805 velociter,
716 1760 801 1805 quia
829 1759 932 1804 quasi
964 1759 1101 1794 nullam
1131 1758 1238 1793 habet

69 1820 321 1864 resistentiam,
353 1820 445 1855 sicut
481 1823 602 1855 noster
634 1830 698 1855 aer
736 1819 895 1864 inferior,
936 1819 969 1854 d'
984 1820 1086 1853 alcun
1123 1822 1238 1861 ccmto,

68 1890 179 1925 prope
206 1880 355 1925 coelum,
388 1878 556 1924 perchd’n
585 1881 739 1923 cz'rcuilo,
767 1879 868 1923 idest,
891 1878 1131 1923 circulariter,
1157 1882 1238 1912 tullo

68 1943 197 1984 quanto
215 1940 306 1974 I’aer
324 1941 355 1974 si
374 1941 470 1983 volye
487 1949 551 1973 con
570 1940 605 1973 Ια
621 1941 739 1983 prima
763 1940 865 1982 rolla,
886 1938 986 1982 idest,
1015 1948 1099 1972 cum
1120 1937 1239 1982 primo

70 1999 211 2044 mobili3
240 1999 330 2044 ideo,
358 2000 407 2033 tal
429 2002 532 2042 molo,
552 1998 684 2033 scilicet
702 1998 808 2042 aeris,
831 2000 990 2041 percuole
1018 1998 1052 2031 m
1072 1998 1239 2040 qnesc’al-

70 2063 182 2103 tezza,
210 2059 310 2104 idest,
330 2059 365 2094 in
392 2059 543 2105 sylvam,
563 2068 645 2104 quae
665 2061 718 2093 est
737 2057 772 2092 in
791 2057 857 2092 ista
877 2056 1033 2102 planitie,
1060 2055 1140 2092 else*
1157 2060 1240 2091 tutta

70 2120 237 2163 disciolla,
269 2119 369 2164 idest,
397 2122 521 2164 aperta
549 2121 585 2153 et
612 2127 683 2153 non
706 2117 829 2152 clausa
850 2116 927 2152 aliis
949 2116 1146 2161 montibus,
1167 2118 1241 2152 nel-

72 2180 92 2213 Γ
107 2189 187 2213 aere
215 2180 304 2222 civo,
331 2178 431 2223 idest,
451 2188 555 2223 puro,
575 2177 651 2212 siue
674 2177 831 2211 nubibus
848 2170 882 2220 (4)
908 2176 999 2221 ullis,
1028 2187 1045 2210 e
1068 2178 1109 2222 sa
1129 2186 1241 2211 senar

134 2272 148 2299 (¹
179 2272 206 2294 Ε.
226 2272 377 2295 turbatione.
633 2271 658 2300 (²)
678 2271 707 2295 E.
724 2271 821 2294 scilicet
838 2277 912 2294 mons
929 2270 981 2300 ipse
998 2270 1036 2293 ab.

134 2310 158 2338 ᾖ)
178 2312 229 2337 117,
247 2310 332 2340 quiete
351 2310 490 2334 frueretur.
635 2309 659 2338 (⁴)
679 2309 707 2333 E.
726 2310 778 2333 sine
795 2309 905 2333 nubibus
922 2311 948 2332 et
965 2309 1072 2337 nebulis,
1090 2316 1102 2331 e
1119 2309 1155 2338 sa.
