1737 2836
385 226 521 252 CANTcs
547 227 760 253 TRIGESlML‘S
787 227 948 252 TERTms.
1176 221 1245 253 283

76 307 159 342 quae
187 297 350 334 similiter
377 298 548 333 dicuntur
574 299 672 334 nasci
699 309 744 334 ex
771 299 900 334 eodem
928 299 1036 335 fonte.
1061 298 1113 334 Ad
1140 299 1245 334 cuius

75 356 347 404 intelligentiam
376 362 429 394 est
451 358 611 393 breviter
638 359 824 394 sciendum
850 359 947 404 quod
968 359 1082 405 Tigris
1109 362 1146 394 et
1171 359 1245 393 Eu-

73 417 231 463 phrates,
270 418 361 453 sicut
402 421 581 454 testantur
620 418 808 453 clarissimi
848 422 1015 463 autoreS,
1055 418 1243 463 Salustius,

74 477 209 513 Plinius
240 482 274 513 et
310 478 368 513 alii
396 477 511 522 multi⁷
541 482 690 513 manant
717 488 762 513 ex
799 489 872 513 uno
905 482 1029 514 monte
1062 478 1245 514 Armeniae

74 538 233 583 maioris,
257 542 292 573 et
319 548 364 573 ex
392 537 520 573 eodem
549 537 648 572 sonte
674 548 694 572 a
722 540 825 583 parte
853 537 1039 572 meridiei:
1068 542 1103 573 et
1130 538 1245 584 Tigris

75 597 222 642 quidem
255 598 334 643 plus
370 597 513 642 respicit
547 596 831 642 septentrionem
866 600 902 632 et
928 597 1090 632 decurrit
1125 607 1244 642 usque

73 657 119 692 ad
138 657 373 703 Babyloniam
398 667 568 703 magnam
592 656 757 703 Assyriae,
777 657 838 692 sed
863 667 934 691 non
954 657 1064 691 intrat
1087 657 1243 701 moenia3

74 716 277 762 Euphrates
305 726 393 751 vero
420 716 513 751 bene
540 716 742 762 ingreditur
772 716 966 752 civitatem.
1008 716 1077 752 Ista
1116 720 1241 752 autem

73 775 147 811 duo
180 775 330 810 flumina
363 775 532 811 habentia
566 786 681 810 uuum
714 779 824 822 caput
856 776 990 812 iterum
1022 776 1244 811 conveniunt

73 835 109 870 in
137 845 265 879 unum,
293 838 333 869 ut
359 835 442 870 dicit
469 835 614 870 Boetius
646 835 681 870 in
716 835 842 881 quinto
856 831 903 879 (¹).
932 836 1030 871 Licet
1057 839 1182 871 autem
1210 835 1244 870 in

73 905 176 930 sacra
203 895 389 940 Scriptura
424 895 591 930 dicantur
624 895 710 930 oriri
746 895 791 930 de
824 895 990 941 paradiso
1017 895 1242 940 deliciarum,

73 954 141 989 hoc
176 958 292 1000 potest
326 964 404 989 esse
440 954 484 989 de
519 954 636 1000 primo
671 958 754 989 ortu
792 955 985 1001 incognito,
1021 955 1083 990 sed
1119 958 1243 1001 postea

72 1014 175 1049 nobis
193 1018 368 1060 apparent
387 1014 505 1060 primo
525 1014 559 1048 in
578 1014 760 1050 Armenia.
781 1015 832 1049 Ad
852 1015 993 1050 literam
1022 1025 1131 1060 ergo:
1160 1014 1243 1050 dicit

72 1076 200 1119 poeta:
228 1075 392 1108 Parvemz'
418 1074 519 1108 ceder
538 1075 684 1108 dinanzi
701 1075 750 1109 ad
769 1085 853 1117 esse,
873 1074 1017 1119 scilicet,
1037 1077 1121 1109 ante
1148 1074 1241 1120 ipsas

73 1133 250 1178 dominas,
286 1129 430 1178 Eufrate
461 1144 478 1167 e
518 1135 615 1177 Tiyri
647 1135 739 1168 uscir
773 1135 888 1168 d’zena
919 1136 1092 1179 fontana,-
1120 1138 1155 1170 et
1182 1135 1239 1170 hic

75 1197 159 1228 nota
191 1193 288 1238 quod
321 1197 426 1238 poeta
466 1193 628 1238 loquitur
668 1194 806 1239 poetice
845 1198 882 1229 et
921 1195 1118 1239 moraliter,
1156 1195 1242 1240 quia

75 1253 176 1299 fingit
201 1253 274 1288 duo
306 1253 454 1288 flumina
475 1256 630 1297 tantum,
651 1253 795 1298 scilicet,
813 1254 962 1289 Lethem
991 1257 1025 1289 et
1053 1255 1179 1289 Eunoe
1208 1253 1242 1288 in

75 1312 141 1348 isto
168 1312 333 1358 paradiso
352 1312 576 1347 deliciarum.
597 1312 784 1358 Scriptura
816 1313 912 1348 enim
945 1316 1068 1349 sancta
1086 1309 1122 1358 (Ε)
1141 1313 1241 1359 ponit

73 1376 232 1418 quatuor
269 1372 419 1408 flumina
456 1372 514 1417 ibi,
551 1373 696 1417 scilicet,
732 1373 901 1418 praedicta
933 1373 1066 1420 Tigrim
1099 1377 1135 1409 et
1170 1374 1243 1408 Eu-

72 1433 252 1478 phratem,
273 1435 308 1467 et
334 1432 403 1467 alia
430 1432 515 1476 duo,
536 1432 670 1468 scilicet
688 1433 807 1467 Nilum
828 1437 864 1467 et
882 1433 1057 1479 Gangem.
1079 1434 1119 1467 Et
1139 1433 1241 1468 dicit:

72 1503 89 1526 e
107 1493 290 1536 (Izsslmrlirsi
302 1493 411 1536 myri,
431 1492 535 1537 quasi
561 1492 687 1527 amici:
717 1497 752 1528 et
779 1496 832 1528 est
859 1494 983 1538 pulcra
1014 1494 1236 1539 metaphora.

71 1552 155 1586 Vult
182 1552 277 1587 enim
306 1552 459 1587 innuere
476 1547 510 1595 P),
541 1553 637 1597 quod
665 1553 742 1588 haec
761 1553 834 1588 duo
854 1553 1003 1588 ssumina
1024 1553 1242 1588 videbantur

71 1611 167 1647 male
202 1611 354 1647 libenter
383 1612 554 1647 recedere
580 1612 626 1647 ab
653 1612 820 1656 invicem,
848 1612 940 1648 sicut
975 1616 1073 1648 recte
1107 1613 1242 1648 faciunt

72 1671 145 1706 duo
172 1671 278 1707 amici
307 1671 451 1716 quando
481 1671 653 1707 recedunt
674 1683 768 1706 unus
787 1672 833 1707 ab
854 1672 970 1707 altero
991 1672 1074 1706 ituri
1096 1672 1142 1707 ad
1165 1673 1241 1708 loca

72 1732 288 1778 longinqua3
317 1742 400 1766 nam
429 1735 618 1776 tamquam
647 1732 718 1767 nati
748 1742 791 1767 ex
820 1732 947 1768 eodem
974 1736 1080 1767 utero
1107 1732 1243 1767 amoris

73 1792 248 1826 recedunt
276 1791 426 1837 pigriter
453 1794 489 1826 et
515 1801 600 1826 cum
629 1791 798 1838 lacrymis
826 1802 897 1826 non
925 1791 1079 1827 revisuri
1111 1802 1150 1827 se
1177 1791 1241 1826 nisi

72 1854 153 1897 post
180 1851 329 1897 longum
359 1854 512 1896 tempus.
529 1871 576 1875 —
595 1853 624 1886 Ο
642 1853 723 1886 lnce.
744 1852 847 1886 Nunc
875 1855 978 1897 poeta
1007 1851 1106 1896 ponit
1133 1861 1236 1885 suam

72 1911 274 1946 orationem
294 1911 338 1945 ad
358 1910 559 1946 Beatricem
587 1914 711 1955 petens
733 1922 815 1956 quae
842 1911 885 1945 sit
912 1921 1007 1955 aqua
1031 1911 1115 1955 ista3
1147 1911 1242 1946 unde

73 1970 295 2016 stupefactus
315 1970 473 2005 novitate
495 1970 545 2005 rei
567 1970 738 2005 mirabilis
762 1970 941 2005 exclamat
963 1973 1110 2015 captans
1131 1970 1242 2005 bene-

72 2030 279 2075 volentiam,
305 2033 340 2065 et
364 2030 486 2065 dicens
512 2029 557 2064 ad
585 2040 687 2064 cam:
713 2032 742 2064 Ο
761 2031 844 2073 luce,
863 2041 883 2064 0
901 2031 1017 2073 {storia
1037 2030 1127 2063 (Zella
1144 2033 1243 2073 {Jeme

70 2101 214 2135 amana,
249 2090 352 2135 quasi
380 2089 493 2125 dicat:
515 2100 536 2124 o
559 2089 716 2134 Beatrix,
740 2089 886 2125 scientia
906 2089 1085 2124 luminosa
1105 2092 1141 2124 et
1163 2089 1243 2135 glo-

72 2151 166 2186 riosa
194 2161 276 2196 qua}
304 2151 461 2185 illustras
488 2150 693 2195 cognitione
721 2150 925 2184 divinorum
959 2150 1118 2184 cultores
1149 2153 1240 2193 tum,

134 2245 159 2271 ζ’)
178 2244 206 2267 Ε.
224 2244 249 2266 in
267 2244 356 2273 quinto
374 2243 404 2267 de
422 2242 603 2267 consolatione.
622 2243 701 2265 Licet.

134 2282 159 2311 (¹)
179 2282 206 2305 E.
225 2288 304 2305 sacra.
620 2280 645 2308 ζ’)
665 2282 717 2309 117,
735 2280 829 2304 dicere.
