1737 2836
497 259 634 285 CANTUS
660 260 837 291 QUARTUS.
1189 254 1258 286 389

84 335 176 368 Dice.
205 332 269 367 Hic
295 332 456 367 declarat
482 332 596 378 ipsam
624 332 840 368 sententiam
869 332 1026 368 Platonis
1054 332 1259 368 secundum

84 403 214 429 sonum
244 393 454 428 verborum.
475 392 518 427 Et
535 392 581 427 ad
604 392 712 427 huius
734 393 848 429 literae
867 392 966 427 fortis
986 392 1261 439 intelligentiam

85 458 139 490 est
165 453 431 488 advertendum
459 455 638 497 notanter,
654 453 752 498 quod
771 453 891 498 opinio
911 453 1080 498 Platonis,
1103 453 1262 488 Socratis

86 517 122 549 et
148 513 451 548 Academicorum
471 512 548 557 suit,
570 512 710 547 animas
728 512 951 548 descendere
977 523 999 548 a
1026 513 1262 558 comparibus

85 574 205 617 stellis,
225 577 261 608 et
283 577 361 618 post
388 576 544 608 mortem
565 572 699 608 reverti
718 572 764 607 ad
783 582 975 618 compares
998 573 1128 608 stellas.
1152 573 1263 608 Stella

86 638 210 670 autem
238 644 388 679 compar
416 633 616 668 vocabatur
643 633 701 668 illa
728 632 832 668 cuius
862 636 982 668 motor
1009 633 1045 668 in
1073 633 1260 668 nativitate

86 694 146 730 dat
164 693 303 728 semina
331 693 412 728 vitze
440 697 475 728 et
502 693 725 737 intellectus,
746 696 781 728 et
799 693 849 728 sic
873 692 991 738 posuit
1014 692 1176 727 animam
1200 693 1264 728 de-

87 755 262 790 scendere
292 764 312 789 a
348 754 484 789 coelesti
512 763 665 799 corpore
700 753 745 788 ad
780 764 912 799 corpus
944 757 1129 789 terrestre.
1163 753 1263 788 Sicut

88 826 176 862 ergo
195 815 376 851 elementa
397 817 635 850 revertuntur
653 813 698 848 ad
717 824 802 848 suas
821 813 990 859 origines,
1013 809 1108 857 sicG)
1129 813 1263 849 anima}

87 876 133 911 ad
168 886 272 910 suam
308 875 485 921 originem
520 875 725 910 coelestem:
760 877 795 909 et
830 873 917 908 dixit
955 874 990 908 in
1027 874 1148 908 anima
1185 884 1264 909 esse

88 946 236 971 omnem
265 935 429 970 habitum
452 935 594 970 virtutis
621 938 657 969 et
684 933 853 978 scientiae,
876 938 911 969 et
928 934 994 969 isto
1015 934 1123 969 modo
1145 934 1264 969 studia

89 1000 124 1032 et
151 995 432 1031 assuefactione<
461 1005 532 1030 non
559 994 752 1029 conserunt
773 994 870 1028 aliud
893 993 1133 1029 intellectibus
1156 997 1192 1029 et
1212 994 1265 1028 af-

90 1057 253 1101 fectibus,
274 1056 339 1091 nisi
358 1055 455 1101 quod
477 1058 667 1090 removent
686 1055 912 1089 contrarium
933 1054 1152 1100 impediens,
1173 1054 1265 1088 sicut

90 1117 255 1152 videmus
283 1116 317 1150 in
345 1115 488 1151 ebrioso
515 1118 550 1150 et
577 1114 787 1160 epilentico,
822 1114 883 1150 sed
916 1114 1050 1149 veritas
1083 1117 1137 1149 est
1169 1113 1265 1159 quod

89 1186 154 1222 per
181 1175 340 1211 studium
369 1178 404 1210 et
431 1174 733 1209 assuefactionem
758 1174 836 1209 haec
857 1174 979 1209 omnia
1008 1174 1264 1219 acquiruntur.

89 1236 179 1271 Dicit
206 1246 313 1282 ergo:
343 1237 438 1279 Dc‘ce,
460 1234 605 1279 scilicet,
634 1234 691 1269 ille
718 1234 886 1279 Timaeus,
909 1235 967 1268 che
992 1236 1012 1268 l·
1027 1235 1135 1277 alma,
1164 1233 1264 1278 idest,

89 1297 210 1332 anima
238 1296 410 1340 humana,
439 1296 509 1329 alla
536 1305 600 1328 sua
626 1295 722 1328 stella
748 1295 855 1338 siecle,
887 1297 966 1339 post
994 1297 1151 1329 mortem
1180 1304 1264 1329 cor-

90 1356 197 1402 poris,
225 1356 396 1390 credendo
424 1356 536 1398 quella
563 1365 674 1389 essere
700 1355 814 1389 decisa
842 1355 974 1398 quincti,
1002 1354 1135 1390 scilicet
1162 1354 1263 1389 stella

91 1427 168 1461 sua,
196 1417 336 1460 qnando
364 1419 492 1449 nalum
516 1426 581 1458 per
605 1416 724 1459 forma
752 1416 786 1448 la
813 1415 921 1458 (Mede,
949 1414 1011 1460 ipsi
1039 1414 1183 1459 corpori
1204 1424 1266 1449 or—

91 1477 220 1523 ganico
247 1479 411 1521 tempore
440 1474 643 1509 nativitatis.
659 1495 707 1499 —
722 1476 871 1519 Eforse.
893 1474 956 1508 Hic
988 1474 1119 1509 {eatrix
1141 1474 1267 1509 nititur

92 1538 234 1572 salvare
248 1531 283 1580 J)
304 1535 512 1581 opinionem
533 1535 701 1579 Platonis,
721 1537 756 1570 et
776 1534 915 1569 reducit
934 1534 1046 1580 ipsam
1069 1534 1113 1569 ad
1133 1545 1266 1569 sanum

93 1597 328 1640 intellectum,
357 1595 501 1640 scilicet,
530 1595 628 1640 quod
655 1598 758 1630 actus
786 1594 935 1629 humani
968 1595 1029 1639 qui
1060 1597 1267 1639 sequuntur

93 1661 292 1693 causantur
318 1667 338 1691 a
366 1656 470 1700 coelo,
497 1658 532 1690 et
558 1666 579 1690 a
607 1655 766 1690 motibus
785 1658 821 1690 et
839 1655 1043 1701 aspectibus
1066 1655 1266 1690 stellarum.

94 1717 184 1752 Dicit
211 1726 319 1762 ergo:
348 1718 379 1750 E
401 1718 497 1760 forse
523 1725 587 1749 sua
613 1717 789 1750 senlenzz‘a
816 1713 836 1750 e*
859 1716 1002 1750 d'allra
1024 1717 1139 1759 quisti,
1167 1714 1268 1759 idest,

93 1776 241 1812 alterius
270 1776 407 1819 sormae,
427 1776 485 1809 clze
511 1776 546 1809 la
574 1785 654 1809 voc-e
674 1786 742 1809 non
762 1785 887 1818 saona,
909 1775 1012 1819 idest,
1032 1785 1143 1820 quam
1165 1775 1268 1810 litera

94 1836 228 1871 vocalis
255 1845 386 1870 sonare
413 1834 589 1869 videatur.
618 1835 659 1869 Et
686 1835 850 1880 loquitur
879 1835 1077 1880 prudenter
1105 1835 1173 1869 sub
1200 1834 1269 1870 du-

95 1896 278 1939 bitatione,
306 1894 391 1939 quia
418 1893 462 1928 de
490 1893 541 1929 rei
569 1894 722 1929 veritate
750 1895 816 1930 ista
844 1895 988 1930 videtur
1010 1894 1120 1929 fuisse
1147 1894 1267 1939 opinio

96 1956 263 2000 Platonis,
279 1964 362 2000 quae
383 1954 501 1989 fuerat
519 1957 626 1989 antea
642 1954 871 2000 Pythagorae,
889 1958 924 1990 et
946 1954 1068 2000 magni
1089 1954 1270 1999 sapientes

96 2017 264 2052 videntur
291 2015 340 2049 sic
367 2014 513 2058 sentire,
532 2013 624 2048 sicut
651 2014 800 2058 Tullius,
820 2014 1009 2060 Virgilius3
1029 2014 1102 2049 imo
1124 2014 1271 2049 Boetius

96 2075 412 2112 christianissimus
440 2074 582 2109 videtur
603 2074 712 2109 fuisse
731 2074 832 2109 istius
853 2074 1039 2119 opinionis.
1062 2074 1144 2110 ldeo
1163 2078 1272 2110 autor

97 2136 243 2182 corrigit
270 2135 405 2170 dictum
436 2134 602 2178 Platonis,
622 2133 763 2168 dicens:
785 2137 817 2168 et
836 2145 929 2168 esser
945 2137 1047 2178 pezole
1066 2145 1129 2168 con
1157 2136 1269 2170 inlen—

98 2198 175 2230 zicm
202 2197 249 2229 (la
276 2206 347 2229 non
373 2205 465 2229 esser
492 2195 621 2236 derisa,
641 2194 725 2238 quia
746 2204 817 2229 non
842 2204 1009 2238 erronea,
1033 2205 1105 2229 nen
1133 2195 1270 2230 absona

161 2324 187 2354 ξ’)
207 2324 236 2347 Ε.
253 2324 287 2347 sic
304 2326 330 2347 ct
348 2324 432 2347 anima
451 2324 490 2348 ad.
741 2322 769 2352 (²)
786 2326 808 2351 ω’,
824 2330 934 2347 servare.
