1737 2836
512 235 649 261 CANTcs
676 235 817 260 Pmmsss.
1181 228 1247 260 311

75 312 159 344 nota
187 307 284 354 quod
312 308 514 343 secundum
533 308 695 343 diversos
714 311 817 343 ortus
841 308 892 343 sol
913 307 995 343 facit
1017 307 1181 343 diversos
1200 306 1252 342 es-

74 368 206 404 fectus:
227 378 312 403 nam
341 379 361 404 a
390 368 563 414 principio
582 368 704 403 arietis
725 378 843 413 usque
863 368 907 403 ad
928 367 1144 414 principium
1165 377 1253 402 can—

74 429 125 464 cri
152 431 206 464 est
233 429 369 464 calidus
396 432 432 464 et
459 428 641 473 humidus7
670 439 852 475 generans
876 432 912 464 et
931 438 1089 474 augens3
1112 438 1133 463 a
1153 427 1252 473 prin-

74 489 165 535 cipio
193 489 312 524 cancri
343 499 459 534 usque
490 489 535 524 ad
568 488 784 534 principium
821 489 924 523 librae
960 492 1013 524 est
1047 488 1185 523 calidus
1217 491 1253 523 et

74 549 191 584 siccus
219 552 429 593 maturans;
450 559 470 583 a
499 548 673 594 principio
693 548 793 583 librae
816 558 932 593 usque
960 548 1005 582 ad
1034 548 1252 593 principium

73 609 275 654 capricorni
304 612 358 644 est
385 608 534 655 frigidus
561 611 596 644 et
623 608 750 653 siccus,
772 608 906 644 faciens
933 608 1118 643 declinare
1138 608 1251 643 mixta

73 668 119 704 ad
154 668 452 713 dimimitionem3
489 672 524 704 et
559 679 580 704 a
613 669 787 715 principio
818 668 1020 714 capricorni
1056 678 1173 713 usque
1208 668 1253 703 ad

73 728 290 774 principium
318 729 440 763 arietis
469 732 522 764 est
550 729 700 775 frigidus
731 732 767 764 et
799 728 972 764 humidus
1004 727 1156 763 humido
1184 739 1254 773 pu-

74 788 225 824 trefacto
242 792 277 824 et
296 789 570 834 putrefacieute,
587 792 627 823 ut
646 789 729 824 dicit
751 789 980 824 Ptolomaeus.
998 789 1119 823 Potest
1143 788 1251 823 etiam

74 848 140 884 ista
177 848 281 883 litera
317 849 448 894 exponi
487 849 687 894 moraliter,
715 849 850 884 scilicet
887 848 984 894 quod
1019 849 1072 883 sol
1103 847 1253 894 justitiae

73 908 171 943 Deus
199 911 378 954 temperat
405 911 441 943 et
467 909 597 955 sigillat
625 909 704 954 plus
723 920 790 944 suo
812 909 920 944 modo
946 908 1172 943 mundanam
1193 917 1253 943 ce-

74 979 166 1013 ram,
202 968 302 1013 idest,
338 968 456 1014 ipsum
494 968 692 1013 hominem,
726 969 760 1003 in
797 979 907 1014 quem
946 968 1062 1014 magis
1097 967 1250 1002 infundit

74 1038 178 1063 suam
199 1028 355 1074 gratiam
372 1039 436 1074 per
456 1028 560 1064 istam
582 1029 878 1064 coniunctionem
898 1032 1037 1074 septem
1060 1028 1251 1072 virtutum,

73 1098 185 1133 quam
215 1088 362 1133 quando
389 1089 499 1123 bomo
527 1089 636 1124 habet
665 1092 807 1124 tautum
838 1099 949 1124 unam
978 1089 1164 1133 virtutem,
1190 1088 1248 1123 vel

73 1147 163 1183 duas
191 1148 248 1183 vel
272 1158 418 1193 paucam,
440 1149 608 1193 quamvis
629 1149 691 1194 qui
710 1149 817 1185 habet
839 1160 949 1184 unam
973 1148 1146 1184 virtutem
1167 1157 1251 1194 per-

73 1207 166 1243 fecte
193 1208 326 1243 habeat
353 1218 492 1254 omnes,
521 1209 637 1254 qualis
665 1219 762 1244 nunc
797 1212 875 1244 erat
909 1212 1018 1244 autor
1047 1212 1181 1244 noster.
1210 1207 1253 1242 Et

73 1278 118 1303 ex
146 1267 340 1314 praemissis
376 1271 482 1314 poeta
515 1269 610 1304 elicit
644 1269 772 1304 horam
807 1269 993 1314 temporis,
1028 1268 1167 1304 dicens:
1202 1269 1252 1302 tal

70 1329 159 1373 foce,
190 1328 334 1373 scilicet,
362 1329 458 1364 aries
488 1329 522 1363 in
551 1339 624 1374 quo
652 1332 729 1364 erat
751 1329 815 1373 sol⁷
836 1332 909 1364 tam
930 1329 1038 1373 bona,
1063 1332 1136 1364 tam
1157 1331 1253 1363 tem-

72 1392 210 1435 perata,
231 1400 318 1423 area
338 1391 426 1434 sallo
454 1400 567 1433 meane,
588 1389 689 1434 idest,
713 1389 915 1424 diluculum
939 1389 1020 1434 diei7
1049 1390 1085 1423 dc·
1108 1383 1155 1432 lsi,
1185 1387 1255 1423 sci—

72 1449 165 1494 licet,
194 1448 230 1483 in
256 1449 316 1483 illo
344 1449 562 1495 hemisperio
589 1449 607 1469 ss
623 1449 795 1493 interiori,
819 1461 836 1483 e
853 1460 933 1483 sera
955 1450 991 1483 αι’
1013 1458 1095 1493 qua,
1118 1448 1253 1483 scilicet

73 1509 109 1544 in
136 1512 261 1544 nostro
288 1509 507 1554 liemisperio
522 1509 540 1529 *¹
555 1505 591 1553 ζ’)
611 1508 790 1555 superiori
810 1508 974 1554 opposito
994 1508 1059 1553 i11i;
1080 1507 1177 1543 unde
1197 1507 1254 1542 di-

73 1569 138 1604 cit:
167 1580 185 1604 e
211 1571 321 1613 quello
352 1570 546 1614 emtsperio,
574 1569 721 1614 scilicet,
751 1568 965 1614 praedictum
1000 1568 1162 1612 inferius,
1191 1579 1252 1603 era

73 1630 174 1673 quasi
199 1632 280 1664 tullo
307 1629 442 1673 blanco,
469 1629 554 1664 dicit
581 1630 692 1674 quasi,
724 1628 809 1674 quia
836 1628 913 1664 dies
940 1631 1020 1663 erat
1053 1628 1088 1662 in
1117 1627 1206 1672 fieri,
1236 1638 1253 1662 e

73 1690 199 1725 l'alcra
221 1693 326 1734 parte
352 1700 453 1733 wera,
481 1689 582 1734 idest,
604 1692 640 1724 et
666 1688 764 1724 aliud
792 1688 1057 1734 hemisperium
1085 1691 1251 1723 nostrum

73 1750 242 1796 superius
278 1752 356 1785 erat
388 1750 525 1784 sactum
563 1749 722 1795 nigrum,
751 1748 837 1794 quia
874 1759 946 1784 nox
981 1751 1060 1784 erat
1094 1748 1129 1782 in
1162 1747 1252 1783 fieri.

73 1812 195 1846 Potest
222 1809 332 1845 etiam
359 1809 426 1844 dici
454 1809 660 1855 allegorice,
680 1809 778 1854 quod
806 1809 842 1844 in
870 1809 929 1844 illo
953 1808 1174 1854 bemisperio
1196 1808 1250 1842 lu-

74 1870 215 1905 minoso
243 1872 323 1904 erat
349 1868 492 1904 claritas
520 1869 682 1904 veritatis
710 1869 795 1914 quia
823 1872 927 1904 erant
947 1868 1041 1904 inter
1061 1868 1254 1902 immorta-

74 1930 143 1975 les;
171 1929 206 1964 in
234 1932 357 1964 nostro
385 1939 473 1963 vero
493 1928 712 1974 liemisperio
732 1928 926 1963 tenebroso
946 1931 1026 1962 erat
1049 1927 1253 1962 obscuritas

74 1989 289 2036 ignorantiae
316 1988 411 2023 inter
443 1988 692 2023 mortales.—
710 1988 869 2030 Quando.
898 1986 961 2022 Hic
993 1987 1127 2021 Dantes
1158 1989 1254 2021 tacto

74 2053 159 2085 ortu
187 2049 270 2085 solis
297 2048 466 2084 describit
496 2047 766 2093 dispositionem
801 2046 975 2082 Beat1·icis
1011 2056 1100 2092 erga
1135 2046 1254 2091 ipsum

75 2110 201 2155 solem,
230 2120 313 2155 quae
339 2108 549 2144 acutissime
569 2107 783 2153 respiciebat
810 2106 845 2141 in
874 2106 1004 2152 ipsum.
1027 2105 1127 2141 Unde
1149 2105 1251 2141 dicit:

80 2170 240 2213 Quando,
260 2169 360 2214 idest,
380 2169 415 2203 in
444 2178 517 2213 qua
544 2170 618 2203 tam
639 2167 735 2202 bona
754 2167 844 2201 liora
864 2166 1049 2211 temporis,
1073 2167 1143 2201 vz'cle'
1163 2168 1252 2200 Bea-

139 2297 165 2328 (Ὀ
182 2298 217 2320 Lc
237 2297 324 2327 parole
342 2297 380 2320 fra
399 2298 406 2320 i
423 2297 472 2320 due
490 2297 620 2320 asim-isam
639 2304 684 2320 son
702 2296 812 2326 supplile
831 2296 871 2319 dal
889 2295 980 2320 Codice
998 2296 1113 2319 Estonse.
