1766 2856
522 216 588 248 128
879 220 1082 245 COMENTL‘M
1108 219 1328 245 PL‘RGATORII

517 292 777 328 sententialiter
804 291 887 326 dicit
918 291 1017 335 quod
1051 291 1122 326 tale
1153 301 1269 337 genus
1303 291 1492 326 hominum
1525 291 1688 336 peccavit

517 362 582 398 per
609 351 822 395 sodomiam,
854 350 952 395 quod
980 350 1108 385 vitium
1136 350 1269 386 infame
1296 350 1362 384 fuit
1389 350 1474 385 olim
1502 350 1687 386 obiectum

518 412 649 447 Caesari
684 410 884 446 clarissimo
918 410 1078 456 principi.
1106 411 1159 445 Ad
1190 410 1294 446 cuius
1330 409 1381 445 rei
1415 410 1686 457 intelligentiam

519 476 572 507 est
600 471 786 506 sciendum
808 470 916 516 quod,
935 471 1026 506 sicut
1045 471 1168 506 scribit
1187 470 1380 506 Svetonius
1399 470 1516 516 primo
1535 470 1580 506 de
1598 470 1689 506 duo-

518 531 634 566 decim
663 530 877 575 Caesaribus,
905 530 1025 566 Caesar
1053 531 1211 565 multum
1239 530 1325 565 arsit
1353 530 1435 575 igne
1462 529 1631 574 libidinis;
1653 532 1687 565 et

518 591 636 636 primo
663 590 809 635 quidem
837 594 1002 636 tempore
1021 590 1273 625 adolescentiae
1300 600 1376 624 suae
1403 600 1489 624 cum
1518 589 1688 625 militaret

518 650 554 685 in
580 650 661 685 Asia
681 650 748 685 sub
769 650 901 685 Termo
924 653 1091 695 praetore,
1112 650 1242 684 missus
1261 649 1307 684 ab
1325 659 1369 684 eo
1388 648 1433 683 ad
1453 649 1686 684 Nicomedem

519 720 644 756 regem
664 710 850 756 Bithyniae,
871 709 1131 755 turpitudinem
1152 719 1279 754 passus
1306 711 1373 744 est:
1395 712 1475 744 erat
1497 709 1592 744 enim
1614 708 1688 743 for—

519 780 642 805 mosus
669 773 704 805 et
732 769 878 804 floridus
912 769 1029 813 nimis,
1057 778 1101 803 ex
1135 778 1209 813 quo
1243 768 1402 802 maxima
1436 768 1583 803 infamia
1610 768 1688 812 fuit,

518 833 552 865 et
581 830 694 864 multa
722 828 919 863 obbrobria
945 828 1039 863 dicta
1066 832 1151 863 sunt
1178 828 1213 862 in
1240 838 1344 863 eum:
1375 838 1470 862 unus
1497 827 1593 863 enim
1623 838 1688 863 vo-

517 890 622 924 cabat
649 899 734 924 eum
764 888 927 933 pellicem
957 888 1134 934 reginam,
1153 888 1246 923 alius
1267 888 1453 923 stabulum
1472 887 1687 933 Nicomedis,

517 948 609 983 alius
635 948 856 994 bithynicam
892 947 1068 994 reginam.
1102 948 1194 983 Cum
1221 951 1346 983 autem
1381 947 1530 992 quidam
1565 947 1688 983 fatuus

517 1011 639 1044 mente
658 1008 694 1043 in
714 1007 873 1043 maxima
894 1008 1000 1043 turba
1026 1008 1215 1043 hominum
1238 1008 1450 1053 appellasset
1471 1008 1686 1053 Pompeium

518 1079 655 1115 regem,
675 1068 844 1103 salutavit
862 1067 1043 1103 Caesarem
1064 1067 1239 1113 reginam.
1260 1068 1329 1103 Sed
1353 1068 1388 1102 in
1415 1078 1582 1103 amorem
1603 1078 1687 1102 mu-

516 1129 648 1164 lierum
676 1127 742 1162 fuit
769 1127 874 1162 nimis
906 1138 1054 1172 pronus,
1082 1138 1240 1172 quarum
1274 1128 1409 1163 multas
1441 1128 1598 1163 illustres
1625 1137 1687 1163 00-

516 1188 651 1235 gnovit,
672 1191 705 1223 et
726 1187 863 1232 aliquot
882 1187 1024 1233 reginas
1046 1187 1229 1233 praecipue
1248 1188 1490 1233 Cleopatram,
1507 1198 1592 1223 cum
1613 1198 1685 1233 qua

516 1248 610 1283 iuter
647 1250 697 1282 tot
735 1246 895 1292 pericula
930 1247 1146 1292 dormiebat,
1182 1250 1217 1282 et
1253 1247 1311 1282 cui
1347 1247 1494 1283 donavit
1530 1258 1685 1294 regnum

515 1307 660 1354 ,Eg->pti
683 1307 717 1341 in
737 1306 929 1352 praemium
949 1317 1101 1342 suarum
1122 1306 1321 1342 libidinum.
1342 1308 1519 1353 Cognovit
1537 1311 1573 1343 et
1594 1318 1687 1343 uxo—

516 1378 594 1403 rem
623 1367 784 1412 Pompei,
811 1370 846 1402 et
879 1370 1035 1401 matrem
1070 1366 1186 1401 Crassi
1204 1363 1238 1411 (¹)
1277 1370 1313 1402 et
1348 1367 1456 1402 filiam
1493 1367 1597 1411 eius,
1625 1367 1686 1402 sed

514 1417 608 1463 bene
636 1427 772 1472 recepit
798 1426 915 1461 vicem
944 1426 979 1461 in
997 1422 1032 1470 β)
1061 1436 1178 1462 uxore
1197 1437 1262 1462 sua
1283 1427 1454 1472 Pompeia
1474 1437 1586 1472 quam
1605 1427 1687 1463 Clo-

514 1487 594 1522 dius
622 1487 680 1521 fex
708 1490 919 1521 senatorum
952 1486 1121 1531 cognovit
1153 1486 1188 1520 in
1222 1486 1356 1531 templo
1384 1486 1419 1521 in
1451 1487 1576 1521 habitu
1605 1497 1688 1522 mu-

515 1546 620 1581 lieris.
650 1546 742 1581 Cum
769 1549 893 1580 autem
923 1545 1044 1581 Caesar
1070 1549 1149 1590 post
1176 1545 1299 1580 omnia
1326 1545 1419 1580 bella
1443 1546 1540 1581 finita
1561 1550 1689 1592 ageret

513 1616 599 1640 suos
627 1605 829 1650 triumphos
849 1604 910 1649 qui
932 1605 1080 1640 fuerunt
1100 1604 1263 1649 quinque
1283 1604 1318 1639 in
1337 1605 1455 1650 primo
1477 1605 1606 1651 gallico
1625 1605 1687 1651 qui

514 1665 581 1700 suit
595 1665 785 1711 gloriosior
800 1664 951 1708 caeteris,
962 1664 1091 1699 milites
1106 1667 1301 1709 sequentes
1316 1675 1468 1700 currum
1485 1665 1688 1711 triumplia-

516 1725 587 1760 lem
616 1724 659 1759 de
687 1724 950 1759 consuetudine
978 1727 1164 1759 cantantes
1192 1724 1355 1759 carmina
1378 1725 1593 1770 Joculariter
1612 1726 1687 1761 cla-

515 1785 680 1820 mabant:
701 1784 831 1819 Gallias
851 1784 971 1819 Caesar
990 1783 1143 1830 subegit,
1167 1784 1381 1819 Nicomedes
1402 1784 1584 1820 Caesarem
1605 1788 1685 1830 etc.,

514 1848 548 1880 et
563 1844 621 1879 alii
638 1844 860 1879 clamabant:
874 1843 1002 1879 urbani
1018 1847 1162 1879 servate
1179 1854 1326 1888 uxores,
1337 1844 1522 1880 moechum
1540 1844 1684 1880 calvum

513 1903 728 1939 adducimus
755 1907 821 1938 etc.
851 1903 902 1938 Ad
930 1903 1072 1938 literam
1104 1913 1193 1949 ergo
1224 1903 1308 1938 dicit
1343 1903 1479 1938 Guido:
1508 1906 1559 1938 La
1588 1907 1687 1947 yeme

512 1965 571 1998 che
598 1974 668 1998 non
697 1964 770 1998 vien
805 1974 869 1998 con
900 1965 970 2006 noct,
1005 1962 1150 2007 scilicet,
1188 1973 1271 2008 quae
1303 1964 1483 1999 clamabat
1515 1963 1684 2008 Sodoma,

512 2026 627 2067 offese,
655 2023 798 2068 scilicet,
822 2023 939 2059 Deum
960 2027 995 2059 et
1015 2026 1197 2068 naturam,
1220 2024 1256 2058 di
1276 2019 1341 2067 είὸ,
1360 2023 1505 2068 scilicet,
1525 2033 1569 2059 eo
1603 2032 1688 2068 pec-

512 2087 605 2126 cato,
636 2081 761 2126 perche*
795 2085 921 2118 Cesare
953 2084 1173 2128 triunfandO,
1207 2082 1351 2127 scilicet,
1387 2082 1431 2117 de
1470 2082 1594 2127 Gallia,
1627 2077 1687 2126 9ἱά

575 2190 602 2220 (¹)
622 2193 673 2218 117,
691 2190 775 2213 Cassii.

573 2227 600 2257 (²)
618 2228 642 2251 S.
661 2228 684 2251 in
704 2235 811 2251 uxorem
829 2235 900 2252 suam
919 2228 1075 2258 Pompeiam.
1090 2241 1119 2245 —
1133 2230 1184 2256 117,
1204 2231 1273 2252 certe
1292 2227 1354 2251 bene
1367 2229 1461 2258 recepit
1477 2229 1558 2252 vicem
1577 2228 1601 2251 in
1620 2235 1687 2252 uxo-

515 2275 570 2292 rem
589 2274 661 2291 suam
680 2267 836 2297 Pompeiam.
1009 2275 1017 2279 ·
