1737 2836
512 246 649 273 CANTUS
675 248 851 279 QUARTUS.
1203 243 1272 275 393

102 324 323 366 mentorum,
353 321 497 356 tandem
525 330 635 366 super
654 321 827 356 craticula
850 324 1003 366 assatus,
1022 331 1107 357 cum
1127 332 1271 358 summa

103 380 271 426 patientia
297 384 419 427 grates
445 380 576 426 agebat
604 380 796 415 Altissimo.
818 381 858 415 Et
885 381 970 426 qnia
996 385 1104 417 autor
1132 386 1273 428 poterat

101 440 241 476 dicere:
272 441 339 476 hoc
367 441 448 476 fecit
467 440 521 475 vir
540 441 854 486 sanctusjuvante
878 441 1013 477 virtute
1035 442 1172 488 divina3
1193 443 1272 478 ideo

100 500 244 536 adducit
270 500 366 535 aliud
395 500 604 546 exemplum
626 500 690 534 viri
716 501 857 546 pagani,
877 501 938 546 qui
962 513 1032 537 non
1053 513 1118 548 pro
1137 506 1272 538 aeterna

101 560 215 606 gloria
243 561 304 595 sed
331 564 477 596 terrena
505 560 598 595 idem
628 559 719 595 fecit.
748 560 847 595 Sicut
875 561 971 595 enim
1004 562 1126 597 scribit
1154 562 1274 597 Livius

102 620 194 655 libro
221 621 400 656 secundo:
430 621 612 656 Porsenna
641 631 704 655 rex
734 624 860 666 potens
887 624 922 656 et
951 621 1110 656 famosus
1139 623 1174 656 in
1201 623 1275 657 Tu-

101 679 173 715 scia
202 680 326 715 volens
354 681 531 716 reducere
558 681 783 725 Tarquitium
811 681 1012 726 superbum
1042 681 1075 716 in
1106 692 1275 728 regnum7

101 740 229 775 clausit
256 740 408 775 Romam
430 744 530 776 arcta
550 741 735 776 obsidione
757 751 819 786 per
840 745 975 777 terram
1004 745 1040 777 et
1065 752 1220 787 aquam;
1241 746 1277 777 et

101 810 185 835 cum
214 803 377 845 speraret
405 801 439 835 in
467 801 568 836 brevi
596 801 761 836 obtinere
789 801 917 836 urbem
947 812 1011 847 per
1038 801 1196 847 inopiam
1223 801 1277 836 vi-

101 860 288 905 ctualium5
318 861 465 905 quidam
495 861 622 895 nobilis
644 861 790 906 juvenis
819 871 994 896 romanus
1024 861 1170 897 nomine
1198 862 1276 896 Mn—

101 919 182 964 tius,
212 920 363 955 moleste
392 920 510 955 serens
539 921 630 955 lianc
657 921 918 966 indignitatem,
941 930 1025 955 cum
1050 920 1189 955 licentia
1211 920 1276 955 Se-

102 979 440 1024 natus,abscondito
458 980 616 1024 cultello,
638 981 800 1015 transivit
821 981 855 1015 in
875 983 994 1015 castra
1010 980 1055 1015 ad
1075 980 1195 1015 locum
1217 980 1277 1014 nbi

102 1050 163 1074 rex
187 1039 314 1074 sedens
334 1050 399 1084 pro
421 1040 589 1075 tribunali
609 1039 717 1075 dabat
735 1040 909 1085 stipendia
932 1040 1113 1084 militibus,
1134 1044 1169 1075 et
1189 1050 1276 1074 can-

99 1099 267 1134 cellarius
295 1099 422 1135 sedens
444 1100 551 1145 juxta
577 1110 662 1135 eum
685 1100 785 1145 quasi
808 1100 841 1134 in
865 1101 940 1145 pari
966 1101 1088 1135 habitu
1111 1104 1272 1135 ornatus.

101 1159 231 1194 Mutius
258 1159 388 1194 timens
415 1159 601 1204 inquirere
635 1160 716 1204 quis
749 1160 909 1195 duorum
946 1164 1040 1195 esset
1079 1161 1274 1203 Porsenna,

100 1229 146 1254 ne
173 1218 373 1264 ignorando
402 1230 526 1264 regem
558 1220 806 1255 manifestaret
833 1231 882 1264 se,
903 1221 1008 1255 irruit
1028 1230 1101 1265 quo
1130 1220 1274 1254 fortuna

100 1279 209 1314 traxit
236 1289 334 1324 eum7
354 1283 390 1314 et
411 1279 539 1314 occidit
565 1280 721 1315 scribam
752 1291 817 1325 pro
848 1291 951 1327 rege3
980 1285 1015 1316 et
1043 1281 1183 1327 sug-iens
1212 1291 1275 1326 per

100 1339 245 1374 turbam
275 1339 452 1384 territam,
482 1340 633 1375 faciebat
661 1341 725 1375 sibi
757 1341 850 1375 viam
871 1352 955 1376 cum
980 1341 1099 1387 gladio
1126 1341 1275 1387 sangui-

101 1399 255 1434 nolento.
276 1399 345 1434 Sed
366 1399 519 1435 finaliter
542 1403 785 1435 concurrente
808 1401 1038 1436 multitudine
1059 1405 1186 1446 captus
1208 1401 1276 1435 du-

99 1463 178 1494 ctus
204 1463 288 1494 ante
315 1463 549 1504 conspectum
582 1461 677 1506 regis
710 1461 910 1506 intrepidus
941 1462 1029 1496 dixit
1065 1461 1175 1497 verba
1203 1462 1274 1496 alta

98 1519 279 1563 animose;
307 1520 452 1564 scilicet7
473 1521 568 1565 quod
597 1524 676 1555 erat
695 1521 802 1556 Caius
824 1522 956 1556 Mutius
976 1522 1064 1557 civis
1087 1533 1274 1566 romanus,

100 1580 161 1625 qui
190 1580 299 1614 hostis
327 1584 477 1615 venerat
503 1581 670 1616 occidere
703 1582 841 1616 hostem
877 1586 1025 1626 paratus
1060 1583 1134 1627 ipse
1169 1583 1274 1627 mori,

99 1639 183 1684 quia
212 1640 398 1685 proprium
427 1643 521 1675 esset
557 1651 796 1675 romanorum
834 1641 953 1676 facere
987 1644 1021 1676 et
1049 1642 1120 1687 pati
1158 1642 1277 1686 sortia,

99 1702 134 1734 et
160 1699 257 1743 quod
286 1699 387 1734 multi
416 1700 548 1735 similes
576 1700 742 1735 venirent
769 1701 813 1735 ad
844 1702 939 1735 hunc
969 1702 1156 1737 honorem.
1185 1702 1274 1745 Rex,

99 1770 274 1795 accensus
294 1760 345 1794 ira
371 1763 407 1794 et
433 1760 580 1795 territus
604 1761 776 1805 periculo,
799 1761 982 1796 mandavit
1003 1765 1041 1797 ut
1065 1765 1276 1807 portaretur

100 1821 190 1867 ignis
217 1821 261 1856 ad
290 1824 526 1865 tormentum,
555 1825 593 1856 ut
619 1822 807 1868 detegeret
835 1823 988 1858 insidias.
1017 1824 1117 1859 Tunc
1145 1824 1277 1858 Mutius

101 1882 215 1916 sactus
242 1881 440 1915 animosior
466 1881 588 1917 dicens
607 1892 740 1927 cerpus
759 1893 838 1918 esse
860 1883 927 1918 vile
948 1883 999 1917 his
1021 1884 1081 1928 qni
1104 1894 1274 1929 magnam

99 1941 253 1986 gloriam
282 1944 420 1985 petunt,
441 1941 560 1976 iniecit
583 1946 710 1986 sponte
741 1953 889 1977 manum
912 1943 944 1977 in
967 1944 1099 1986 focum,
1120 1947 1155 1977 et
1178 1943 1274 1977 illam

99 2001 320 2036 comburens
341 2001 531 2036 videbatur
554 2001 731 2036 alienatus
758 2012 779 2036 a
807 2012 927 2037 sensu.
953 2003 994 2037 Et
1017 2003 1189 2037 continuo
1212 2013 1275 2038 rex

100 2060 322 2106 stupefactus
351 2060 527 2095 miraculo
561 2061 745 2095 mandavit
778 2064 817 2095 ut
846 2062 992 2107 juvenis
1021 2066 1278 2097 removeretur

99 2120 145 2155 ab
167 2120 260 2165 igne,
280 2121 486 2156 crudeliora
515 2121 548 2155 in
576 2131 614 2155 se
639 2131 749 2165 quam
773 2121 807 2155 in
827 2131 912 2156 eum
936 2133 1058 2157 ausus.
1080 2122 1180 2157 Tunc
1200 2123 1277 2157 Mu—

101 2179 171 2215 tius
197 2180 300 2224 quasi
330 2191 572 2216 remunerans
600 2181 771 2215 meritum
799 2182 892 2227 regis
911 2187 1038 2227 sponte
1060 2182 1159 2227 dixit,
1179 2183 1276 2227 quod

101 2239 250 2275 trecenti
280 2240 457 2285 principes
478 2251 639 2275 romanse
662 2241 868 2286 Juventutis
887 2242 1170 2277 coninraverant
1189 2252 1279 2277 con-

102 2302 157 2334 tra
183 2309 269 2334 eum
298 2299 333 2334 in
361 2300 465 2335 simili
494 2301 621 2335 forma.
650 2300 707 2335 Sic
735 2301 918 2337 Porsenna
950 2302 1042 2337 sacta
1075 2312 1163 2347 pace
1189 2312 1274 2338 cum
