1737 2836
379 211 516 236 eAxTL‘s
544 212 757 237 TmGEsnuL's
784 212 924 237 PRIMLS.
1163 204 1231 237 239

62 281 163 327 idest,
191 286 383 317 traxerunt
410 293 448 318 se
475 286 558 318 ante
577 287 814 329 conspectum
835 284 1017 328 Beatricis,
1044 285 1234 318 clamando

61 343 98 376 al
115 343 170 376 lor
192 344 348 386 anyelc‘co
375 343 506 386 carave,
526 343 627 388 idest,
650 344 695 378 ad
722 344 1005 390 gratulationem
1034 347 1069 379 et
1096 344 1234 379 cantio-

62 412 145 438 nem
174 403 375 449 angelicam
404 403 578 448 ipsarum,
599 404 655 438 vel
678 404 722 438 ad
751 408 901 439 cantum
929 405 1158 450 angelorum,
1186 404 1235 440 ita

61 462 158 507 quod
186 463 461 498 conformabant
489 466 630 498 motum
654 474 763 498 suum
784 464 862 499 voci
882 474 970 508 suae,
991 465 1047 499 vel
1069 464 1149 499 voci
1167 474 1234 499 an-

61 523 242 569 gelorum,
278 523 369 558 sicut
407 523 522 558 solent
553 523 673 559 facere
708 523 944 569 tripudiantes
977 527 1013 559 et
1047 526 1233 559 cantantes

62 582 189 627 simul;
218 587 348 618 mentre
374 584 432 617 elce
458 584 478 618 ζ’
494 585 613 618 (azima
640 585 709 618 mia
735 585 838 627 piena
866 585 902 618 cli
930 587 1070 627 stupore
1097 595 1114 618 e
1141 586 1232 628 licta,

61 644 268 688 spectaculo
286 639 319 687 (¹)
349 647 422 678 tam
450 643 672 678 admirandae
701 643 762 688 rei,
790 647 938 687 qustum
970 645 1006 678 dc*
1039 645 1116 687 quel
1145 645 1233 688 cibo,

62 701 161 747 idest,
190 706 263 737 tam
291 703 385 738 dulci
414 703 727 749 contemplatione,
755 705 825 748 che,
855 704 1027 738 saziando
1053 705 1090 738 di
1116 702 1164 749 se‘,
1198 705 1234 738 (Ii

61 760 97 796 se*
128 766 254 807 assela,
289 763 373 807 quia
406 766 542 807 quanto
579 763 693 809 magis
735 763 896 798 reficitur
936 773 1038 798 mens
1078 763 1234 798 hominis

63 822 121 857 tali
156 822 265 867 rictu,
301 826 398 858 tanto
433 823 546 869 magis
581 823 711 858 crescit
746 823 859 858 fames
893 827 928 858 et
959 823 1033 858 sitis
1069 823 1157 858 eius.
1192 824 1234 858 Et

62 881 154 917 bene
180 882 274 926 dicit,
303 883 387 928 quia
414 883 604 918 delectatio
632 893 764 918 novem
793 894 985 918 musarum
1006 883 1103 918 nulla
1126 883 1234 918 estin

62 943 334 988 comparatione
361 943 405 977 ad
434 943 518 978 istas
544 943 708 978 dominas
736 953 867 978 novem
899 944 1120 978 honorantes
1147 953 1234 978 cur-

63 1012 146 1036 rum
176 1002 452 1047 triumphalem:
481 1006 583 1037 erant
611 1003 707 1037 enim
737 1006 874 1048 septem
903 1003 1067 1047 virtutes,
1095 1002 1234 1037 Mathil-

62 1060 114 1096 dis
155 1064 189 1095 et
230 1062 450 1096 Beatrix.—
472 1063 576 1105 I'olgsz'.
611 1062 674 1097 Hic
711 1062 855 1097 Beatrix
888 1062 1042 1107 explicat
1075 1062 1230 1097 formam

62 1121 250 1156 cantilena*
279 1122 439 1167 ipsarum
471 1121 717 1166 dominarum,
745 1122 886 1157 dicens:
916 1125 965 1156 La
991 1133 1055 1156 sua
1082 1133 1232 1166 carmon,

62 1180 206 1215 illarum
235 1181 359 1226 trium,
378 1192 454 1225 era,
477 1191 497 1215 0
525 1183 692 1225 Bealre'ce,
724 1183 815 1225 volye'
839 1183 888 1225 ylt'
913 1183 1007 1216 ocelli
1032 1184 1136 1225 santi,
1164 1182 1232 1217 hoc

62 1240 239 1285 dicebant,
262 1241 346 1285 quia
366 1241 509 1276 Beatrix
535 1241 678 1276 tenebat
703 1244 844 1275 tantum
867 1241 991 1276 oculos
1015 1241 1104 1276 fixos
1122 1251 1232 1287 super

62 1301 258 1346 gryphum,
278 1304 313 1335 et
341 1311 412 1336 non
440 1300 631 1335 videbatur
652 1300 793 1345 dignari
814 1301 993 1345 respicere
1014 1301 1179 1345 Dantem,
1199 1303 1237 1336 αΙ

63 1364 119 1394 tuo
143 1362 264 1404 sedete,
291 1360 353 1405 qui
381 1364 434 1396 est
460 1360 599 1395 amicus
629 1360 770 1395 virtutis
798 1363 833 1395 et
861 1371 932 1395 non
955 1361 1121 1405 fortuna),
1142 1361 1235 1396 sicut

63 1423 101 1454 tu
121 1420 238 1454 dixisti
255 1420 413 1465 Virgilio,
429 1423 465 1455 et
485 1420 545 1465 qui
565 1424 619 1455 est
638 1420 750 1455 tidelis
772 1420 1001 1464 christianus,
1021 1423 1055 1455 et
1080 1431 1145 1466 pro
1165 1420 1233 1456 fide

63 1480 241 1515 laboravit
268 1480 462 1526 plusquam
491 1490 655 1525 unquam
682 1480 811 1525 aliquis
845 1484 963 1525 poeta,
992 1482 1061 1525 che,
1087 1491 1154 1525 per
1183 1492 1237 1516 re·-

63 1541 163 1584 (lorti,
185 1541 229 1574 ha
249 1541 354 1574 mosst'
368 1542 470 1584 passi
495 1541 590 1574 tanti.
618 1540 661 1574 Et
688 1539 744 1574 hic
764 1543 848 1574 nota
867 1539 965 1584 quod
984 1539 1078 1575 istud
1101 1544 1154 1575 est
1173 1551 1237 1576 ve-

63 1610 146 1634 rum
176 1603 249 1634 tam
277 1599 446 1635 historice
473 1610 585 1645 quam
612 1599 818 1646 allegorice,
842 1600 1016 1644 quoniam
1044 1600 1101 1635 hic
1128 1604 1235 1646 poeta

63 1668 147 1694 cum
176 1659 398 1705 concepisset
424 1660 600 1695 accedere
626 1660 671 1694 ad
694 1659 861 1705 gloriam,
882 1659 943 1694 ubi
963 1663 1041 1695 erat
1060 1660 1126 1696 ista
1144 1661 1236 1696 Bea-

64 1718 145 1763 trix,
173 1718 263 1754 idest
289 1719 496 1755 describere
528 1719 621 1754 istud
647 1719 848 1765 gloriosum
876 1730 978 1765 opus,
1007 1720 1163 1756 sentiens
1195 1731 1235 1757 se

64 1778 148 1813 satis
175 1778 311 1813 hahere
338 1779 570 1824 philosophiae
589 1783 624 1815 et
646 1779 807 1825 poetriae,
831 1779 893 1814 ivit
912 1780 1070 1815 Parisius
1083 1781 1161 1826 Jam
1182 1781 1234 1817 sa-

64 1841 144 1872 ctus
171 1847 309 1882 pauper
328 1841 363 1872 et
382 1838 478 1882 exul,
499 1842 534 1873 et
554 1848 687 1885 magno
706 1839 850 1885 ingenio
869 1842 905 1874 et
923 1839 1041 1875 studio
1070 1841 1235 1885 quaesivit

65 1896 305 1943 theologiam:
337 1897 466 1932 deinde
497 1907 582 1932 cum
611 1901 733 1933 mente
760 1898 942 1934 descendit
967 1899 1011 1934 ad
1040 1899 1235 1945 infernum,

65 1961 100 1992 et
128 1956 209 1991 inde
235 1956 396 1992 ascendit
416 1956 460 1991 ad
480 1957 747 2003 purgatorium,
768 1957 803 1992 in
821 1958 926 1993 cuius
945 1959 1155 1995 summitate
1175 1970 1237 1996 re-

65 2016 157 2062 perit
179 2026 259 2052 eam
288 2016 323 2051 in
346 2016 512 2062 paradiso
531 2017 598 2052 isto
617 2016 850 2062 deliciarum,
870 2017 949 2053 ideo
971 2018 1063 2054 hene
1082 2023 1161 2065 post
1184 2023 1235 2056 tot

65 2079 100 2111 et
119 2079 236 2111 tantos
254 2075 397 2112 labores
415 2076 577 2122 corporis
603 2080 638 2112 et
666 2077 776 2112 animi
797 2081 961 2113 meretur
979 2078 1112 2114 amodo
1132 2079 1235 2124 quie-

66 2139 139 2171 tem
168 2136 352 2172 felicitatis.
373 2137 416 2171 Et
433 2140 580 2182 petunt:
598 2147 665 2181 per
683 2139 812 2181 „qrazia
827 2139 878 2182 sa’
892 2139 951 2172 noi
967 2140 1108 2182 φἀειά,
1129 2139 1232 2184 quasi

127 2266 153 2294 (¹)
171 2266 200 2289 E.
218 2266 390 2296 speculatione
408 2269 468 2290 tam.
