1737 2836
352 238 491 263 carus
520 239 709 264 vaslMtsss
734 238 874 263 ramus.
1150 232 1191 264 13

24 310 226 356 provincias
246 310 402 355 Judaeae,
426 310 487 345 sed
510 314 631 345 certus
659 310 774 345 factus
801 310 898 354 quod
924 310 1041 345 omnis
1068 311 1193 344 multi-

24 370 111 405 tudo
133 370 342 415 Judaeorum
370 373 592 405 convenerat
619 370 907 415 Hierosolymam
934 370 978 405 ad
1005 370 1189 405 offerenda

23 430 197 465 sacrificia
214 431 289 465 Deo
307 440 374 465 suo
393 429 594 464 secundum
616 439 756 464 morem
777 430 1013 474 antiquorum
1033 432 1190 475 patrum,

23 489 129 524 motis
156 489 265 535 signis
292 488 401 524 cinxit
428 492 540 523 totam
570 489 700 523 urbem
728 488 931 533 obsidione,
954 489 1016 524 sed
1038 489 1122 533 quia
1141 488 1192 522 ci-

23 548 113 583 vitas
140 548 359 583 nobilissima
392 547 523 593 regalis
555 551 634 582 erat
668 547 956 593 inexpugnabilis
990 548 1190 582 munitione

22 618 216 643 murorum
251 611 286 643 et
321 607 549 642 multitudine
583 607 759 651 virorum,
789 609 893 641 vetus
920 606 1189 651 perseverantia

24 677 261 702 romanorum
290 667 369 712 plus
389 666 503 712 potuit
525 677 635 711 quam
654 664 689 710 Ul
715 666 904 710 obstinata,
926 665 1084 700 inaudita
1108 676 1190 710 per-

22 727 152 762 tinacia
175 726 396 772 judaeorum.
425 726 556 761 Civitas
582 736 670 772 ergo
688 726 734 761 ab
751 729 855 760 extra
875 725 1032 760 hostium
1052 724 1189 759 viribus

23 787 283 832 quassabatur,
310 787 406 821 intus
434 796 523 821 vero
549 786 732 821 crudelius
765 785 1045 821 dissensionibus
1078 794 1190 819 vexa—

22 847 140 882 batur.
168 847 258 881 Nam
287 850 360 881 tres
389 846 543 892 tyranni,
571 846 704 881 scilicet
731 846 898 890 loannes,
927 845 1061 888 Simon,
1086 843 1190 878 Elea-

22 917 129 942 zarus
148 909 417 951 occupaverant
438 909 510 940 tres
530 905 696 951 regiones
715 905 826 949 urbis,
842 905 905 949 qui
922 904 1003 939 licet
1023 903 1190 938 videren-

22 970 82 1001 tur
100 965 297 1000 concordes
316 968 441 1000 contra
462 965 583 1001 hostes
598 968 720 999 tamen
736 974 831 1009 saepe
845 964 946 999 bellis
960 963 1186 998 lacerabant:

21 1025 82 1060 sed
111 1034 177 1060 nec
203 1024 379 1059 discordia
406 1023 553 1068 civium,
577 1033 643 1058 nec
668 1023 772 1058 ruina
800 1033 1005 1067 murorum,
1034 1032 1099 1057 nec
1126 1031 1188 1056 oc-

22 1084 106 1120 cisio
135 1084 312 1126 virorum,
341 1092 407 1118 nec
434 1083 554 1117 suasio
583 1083 724 1117 romani
753 1082 931 1127 principis,
961 1082 1022 1127 qui
1054 1092 1115 1116 eos
1143 1080 1186 1115 ad

21 1153 147 1189 pacem
167 1142 350 1186 invitabat,
366 1145 565 1187 potueruut
584 1142 729 1177 flectere
747 1145 893 1187 gentem
908 1141 1010 1175 durae
1026 1140 1186 1184 cervicis,

22 1207 62 1238 ut
89 1213 160 1237 non
188 1202 306 1247 potius
334 1202 465 1237 vellent
493 1201 614 1237 omnia
638 1205 803 1236 extrema
826 1202 1005 1237 tollerare.
1026 1200 1185 1244 Interim,

21 1262 164 1297 Nerone
191 1261 345 1305 sublato,
364 1261 614 1306 Vespasianus,
643 1261 724 1296 licet
751 1261 881 1296 invitus
903 1264 938 1296 et
956 1260 1105 1295 omnino
1128 1269 1187 1294 re-

21 1331 162 1365 cusans,
190 1321 305 1355 sactus
332 1320 530 1365 imperator
563 1331 584 1355 a
616 1320 787 1354 militibus
823 1320 924 1355 rediit
957 1320 1123 1363 Romam,
1151 1322 1186 1353 et

21 1381 119 1415 Titus
147 1380 239 1415 filius
267 1380 346 1415 cius
367 1380 512 1425 juvenis
532 1380 697 1414 omnium
721 1379 987 1414 laudatissimus
1012 1379 1185 1414 remansit

20 1440 93 1475 dux
124 1439 216 1484 belli,
244 1439 305 1484 qui
333 1440 446 1484 ipsam
475 1439 689 1483 Jerusalem,
712 1439 855 1484 cognita
879 1438 1075 1484 pertinacia
1103 1448 1186 1482 per-

20 1499 99 1534 fidae
125 1499 252 1545 gentis,
282 1499 396 1544 magis
423 1498 577 1533 arctavit
605 1502 640 1533 et
666 1498 711 1532 ad
734 1501 870 1532 tantam
892 1498 1049 1542 inopiam
1072 1496 1187 1531 dedu-

22 1559 82 1603 xit,
110 1558 208 1603 quod
235 1558 357 1593 omnia
384 1557 566 1603 incognita
595 1557 719 1592 usibus
746 1557 914 1591 humanis
933 1557 968 1591 in
987 1567 1071 1591 suos
1090 1555 1186 1591 cibos

19 1620 289 1653 converterunt.
318 1617 476 1652 Tandem
505 1617 690 1652 obsidione
725 1617 933 1652 continuata
967 1616 1055 1650 urbs
1082 1618 1184 1660 capta

20 1681 73 1712 est
100 1681 134 1712 et
161 1677 195 1711 in
225 1680 345 1712 turres
371 1676 583 1722 praecipuas,
603 1677 638 1711 in
664 1686 801 1720 arcem,
821 1676 856 1710 in
877 1675 1052 1721 templum
1081 1674 1187 1709 saevi—

20 1740 98 1771 tum
126 1740 197 1781 est3
225 1739 260 1771 et
292 1736 416 1771 civitas
448 1736 562 1771 muris
594 1736 741 1780 nudata,
768 1739 804 1771 et
831 1735 999 1771 undecim
1033 1737 1185 1770 centena

21 1796 128 1830 millia
152 1796 359 1841 judaeorum
390 1796 495 1840 same,
523 1796 630 1840 ferro,
659 1795 835 1840 incendio,
863 1798 898 1830 et
925 1795 1023 1829 omni
1050 1803 1186 1839 genere

19 1855 127 1900 pestis
154 1858 367 1900 consumpta
389 1858 492 1889 sunt:
515 1859 647 1890 caetera
672 1855 864 1889 multitudo
886 1855 921 1889 in
940 1854 1183 1899 captivitatem

20 1917 56 1949 et
81 1914 294 1949 servitutem
323 1914 487 1960 gentium
510 1913 662 1949 deducta
683 1917 746 1949 est.
768 1914 818 1948 Ex
842 1923 914 1958 quo
934 1916 1098 1958 tempore
1118 1912 1185 1946 mi-

20 1983 100 2008 sera
127 1983 216 2019 gens
243 1973 317 2008 Deo
335 1969 368 2016 β)
399 1977 434 2008 et
460 1973 630 2007 omnibus
660 1973 829 2018 gentibus
859 1972 981 2007 odiosa
1011 1982 1075 2017 per
1103 1970 1187 2005 uni·

20 2041 169 2066 versum
196 2031 323 2067 orbem
350 2031 509 2077 dispersa
537 2030 715 2066 serviliter
742 2031 829 2065 vivit
859 2034 895 2066 et
923 2030 1030 2065 durat
1057 2030 1092 2064 in
1120 2040 1185 2064 sua

22 2090 176 2126 miseria.
206 2091 310 2126 Nunc
336 2091 462 2126 ordina
489 2090 539 2125 sic
566 2090 727 2124 literam:
756 2091 872 2132 Quello
889 2091 1023 2134 spirito,
1043 2089 1185 2133 scilicet,

22 2148 166 2194 Statius,
193 2151 339 2194 rispose,
367 2149 531 2195 Virgilio:
558 2151 592 2183 io
619 2159 681 2183 era
707 2150 743 2183 (Ιὶ
764 2144 811 2192 ld,
839 2149 873 2183 in
902 2148 1037 2183 mundo
1061 2148 1186 2183 viven-

86 2241 111 2269 (')
130 2241 158 2264 E.
176 2248 252 2271 qnam
271 2243 406 2271 pertinacia
421 2243 576 2272 judaeorum.

84 2277 110 2306 (²)
128 2279 157 2302 E.
175 2279 228 2302 Deo
245 2282 270 2303 et
288 2280 440 2308 bominibus,
459 2282 483 2303 et
501 2280 617 2310 gentibus
634 2280 751 2303 omnibus
768 2280 862 2303 odiosa.
