1737 2836
496 190 633 215 CAxrus
660 190 842 215 SEPTIMUS.
1185 186 1250 217 461

78 260 112 295 in
140 261 207 296 hac
241 261 358 297 forma
391 262 672 298 sententialiter:
700 273 721 297 0
748 263 907 298 salvator
934 263 1253 309 superilluminans

76 320 201 356 beatas
227 322 368 357 animas
395 322 548 358 istorum
577 323 756 358 coelorum
783 322 899 368 gloria
924 326 1007 368 tua3
1031 323 1115 359 dicit
1142 334 1252 371 ergo:

75 391 96 416 ο
122 386 262 416 sanctus
288 385 381 417 Deus
417 393 568 427 osmma,
599 382 700 427 idest,
728 382 897 428 salvifica,
926 385 1090 428 Sabaoth,
1119 394 1252 419 nomen

76 441 264 477 hebraeum
295 446 349 478 est
376 442 472 488 quod
501 442 763 488 interpretatur
781 443 958 479 Dominus
978 444 1157 479 virtutum
1178 444 1253 479 sive

75 502 319 547 exercituum,
338 503 633 547 supere'lluscrarw,
651 501 752 547 idest,
774 503 1093 547 superillumiuans
1111 500 1159 548 (¹),
1179 505 1251 539 cla-

74 563 176 596 ritate
201 565 273 605 ma,
301 562 402 607 idest,
434 562 571 597 lumine
607 561 733 608 gloriae
763 565 847 607 tuae,
876 564 990 607 felices
1021 565 1130 607 ignes,
1151 564 1250 608 idest,

74 622 215 658 animas
241 622 411 658 ardentes
437 632 565 657 amore
594 626 668 667 tuo,
696 623 818 657 horum
840 624 1026 667 maloleone,
1045 623 1145 668 idest,
1166 624 1252 659 isto—

77 693 159 718 rum
183 693 404 729 reguorum3
433 685 469 718 et
496 686 549 718 est
569 682 733 718 similiter
756 692 890 718 nomen
910 683 1145 729 hebraicum3
1167 694 1250 718 nam

76 743 165 779 liber
194 753 324 789 regum
344 743 514 778 hebraice
533 742 664 778 dicitur
682 743 868 778 Malachin.
889 743 931 778 Et
950 743 1070 779 subdit
1089 743 1250 779 subitum

75 814 261 840 recessum
298 803 391 838 illius
427 806 463 839 et
497 803 697 848 sociarum7
733 803 875 838 dicens:
912 808 943 837 et
980 814 1070 847 essa,
1105 803 1250 847 scilicet,

72 864 194 899 anima
222 863 392 910 gloriosa,
420 874 437 898 e
464 865 603 907 salire,
631 863 724 899 sicut
742 863 942 899 substantia
962 864 1088 899 Romei
1109 867 1144 900 et
1162 864 1251 899 alio-

72 935 155 959 rum
184 924 378 970 spirituum
407 924 626 968 activorum,
655 934 809 959 mossero
842 935 863 958 α
896 934 961 958 sua
988 925 1121 968 (lanza,
1148 924 1249 969 idest,

73 980 169 1028 adffil
201 984 412 1030 tripudium,
441 984 544 1029 quasi
571 983 680 1019 dicat:
709 986 900 1029 coeperunt
927 984 1065 1019 moveri
1094 984 1249 1019 circula-

74 1045 172 1089 riter,
200 1043 262 1089 qui
291 1048 411 1079 motus
430 1044 615 1090 perfectus
634 1047 688 1079 est
707 1043 875 1089 proprius
897 1044 1142 1089 perfectarum
1162 1044 1250 1079 sub-

72 1104 301 1149 stantiarum7
326 1116 355 1147 e,
375 1106 475 1148 quase?
501 1105 709 1139 velocissime
732 1105 862 1149 saville,
894 1114 984 1149 quas
1006 1105 1082 1149 jam
1108 1104 1248 1139 vocavit

72 1165 187 1211 ignes,
214 1166 262 1199 mi
286 1166 316 1199 sc
343 1166 475 1209 velare,
505 1164 606 1209 idest,
637 1167 866 1199 recesserunt
887 1164 933 1199 ab
955 1164 1067 1199 oculis
1093 1164 1195 1209 meis,
1214 1166 1250 1199 aa·

71 1225 181 1260 subita
209 1226 383 1269 ‹lislam-a,
412 1225 590 1271 elongatae
618 1224 738 1259 subito
772 1235 792 1259 a
824 1234 884 1260 me
911 1224 1001 1259 sicut
1029 1224 1157 1259 favillae
1184 1235 1248 1270 per

72 1287 337 1320 aerem—10.
366 1285 429 1320 Hic
456 1288 563 1330 poeta
592 1284 705 1331 tangIt
732 1294 837 1319 suam
868 1284 1136 1330 dispositionem
1171 1289 1249 1330 post

74 1354 258 1380 recessum
287 1344 488 1388 Justiniani,
517 1344 601 1389 quia
630 1344 803 1379 remansit
823 1344 858 1378 in
881 1344 1014 1380 ardore
1040 1344 1246 1380 declarandi

72 1405 116 1440 de
143 1414 217 1439 uno
244 1403 354 1439 dubio
382 1404 479 1449 quod
502 1404 579 1449 ,jam
610 1407 732 1439 mente
759 1407 976 1450 conceperat
996 1414 1039 1439 ex
1061 1415 1134 1439 uno
1153 1404 1247 1439 (licto

72 1465 164 1499 illius
192 1464 347 1509 spiritus.
376 1463 467 1499 Dicit
494 1473 583 1510 ergo
619 1466 655 1498 et
686 1463 787 1509 fingit
818 1464 974 1509 poetice:
1003 1466 1036 1498 io
1068 1465 1244 1509 deducam,

71 1525 107 1559 in
133 1524 268 1569 animo,
296 1535 313 1558 e
339 1525 457 1559 diceet:
484 1525 576 1567 dille,
604 1525 694 1567 dille,
723 1523 824 1568 idest,
848 1524 904 1559 dic
925 1534 1065 1569 secure,
1086 1535 1248 1570 propone

71 1584 309 1630 quaestionem
339 1587 460 1629 tuam3
492 1588 528 1619 et
561 1583 690 1629 repetit
721 1583 765 1618 ad
799 1583 976 1619 maiorem
1005 1583 1246 1630 affectionem,

70 1655 87 1679 e
114 1646 232 1679 dicea:
257 1645 350 1687 dille,
374 1646 437 1689 fra
464 1654 528 1687 me,
557 1644 650 1679 intra
670 1653 734 1679 cor
754 1653 892 1688 meum7
917 1645 988 1678 alla
1016 1645 1086 1678 mia
1113 1645 1246 1687 donna,

71 1704 216 1749 scilicet,
244 1703 411 1745 Beatrici,
438 1705 496 1738 elce
523 1705 569 1738 mi
594 1705 733 1747 disseca,
762 1703 862 1748 idest,
898 1703 987 1738 tollit
1017 1704 1104 1738 mihi
1139 1704 1245 1749 sitim,

71 1764 171 1809 idest,
199 1763 419 1799 desiderium
448 1763 646 1799 (lubiorum
675 1773 858 1808 meorum,
886 1774 951 1798 con
977 1765 1006 1798 le
1032 1765 1122 1799 dolcc'
1147 1765 1245 1805 stille,

72 1824 172 1868 idest,
200 1823 322 1870 guttis,
350 1823 453 1868 quasi
480 1823 584 1867 dicat,
614 1823 734 1859 verbis
768 1823 842 1858 suis
875 1823 1097 1859 dulcioribus
1125 1824 1242 1858 melle.

71 1884 112 1918 Et
131 1883 250 1918 subdit
278 1893 496 1918 succursum
525 1886 757 1928 expectatum
778 1882 872 1917 illius
891 1883 926 1917 in
946 1883 1050 1917 cuius
1070 1886 1245 1928 potestate

71 1945 190 1980 fuerat
225 1944 271 1979 ab
305 1944 379 1989 ipsa
415 1943 587 1989 pueritia,
622 1943 762 1978 dicens:
801 1953 859 1977 ma
893 1944 1005 1986 quella
1040 1953 1245 1985 repereram,

71 2004 171 2049 idest,
200 2003 402 2039 reverenda
430 2013 575 2048 semper
605 2002 689 2037 mihi
717 2002 875 2047 (lomina,
901 2003 958 2037 che
984 2004 1183 2037 s’z'ndonna
1209 2004 1245 2037 ule?

71 2068 152 2099 cucco
179 2074 244 2107 me,
273 2064 372 2109 idest,
400 2074 483 2109 quae
511 2063 549 2098 fit
576 2063 610 2097 in
639 2066 755 2097 totum
792 2062 938 2098 domina
976 2062 1058 2107 mei,
1087 2063 1172 2108 quia
1199 2062 1245 2098 ab

72 2124 170 2159 initio
197 2128 324 2169 captus
349 2135 430 2159 sum
458 2134 588 2159 amore
615 2123 694 2159 eius
720 2123 866 2168 quando
895 2123 1015 2159 adhuc
1043 2124 1245 2160 vocabatur

132 2218 158 2247 (¹)
178 2218 206 2241 E.
224 2218 450 2247 supcrillurninans
468 2218 563 2241 animas
581 2217 674 2245 beatas,
692 2217 814 2240 claritate.

134 2255 160 2285 (²)
179 2256 208 2280 E.
225 2256 255 2279 ad
274 2263 348 2279 suum
367 2256 518 2286 tripudium.
