1737 2836
496 234 634 259 casus
660 234 803 259 PRIML'S.
1172 227 1240 260 309

62 316 127 351 per
153 316 218 340 ora
247 305 443 352 virginum,
473 309 511 340 ut
533 306 611 352 Jam
635 306 772 341 dictum
802 310 855 342 est
875 317 998 352 supra,
1019 316 1083 341 con,
1103 307 1244 350 miyltor

61 367 148 409 voci,
178 365 279 410 idest,
309 365 509 401 facundiori
538 376 720 411 sermone,
745 367 848 412 quasi
875 367 989 402 dicat:
1011 367 1103 402 sorte
1123 366 1245 402 veniet

61 425 155 461 alius
182 429 289 471 poeta
317 425 546 471 eloquentior
574 436 645 471 me,
674 426 737 471 qui
773 427 890 473 magis
923 426 1083 462 movebit
1109 426 1246 472 Apolli-

60 495 145 521 nem
162 482 220 530 (¹),
241 489 276 521 et
295 485 389 531 dicit,
406 487 516 531 forse,
536 485 748 521 dubitative.
769 487 812 521 Et
831 487 888 522 hic
912 491 996 522 nota
1019 487 1116 532 quod
1136 489 1244 532 poeta

61 556 127 591 pro
156 549 259 592 parte
287 545 431 581 videtur
458 546 579 581 dicere
606 556 757 591 verum3
779 557 863 581 nam
892 550 1061 592 tempore
1083 557 1159 592 quo
1177 546 1244 581 sso-

64 605 168 641 rebat
195 605 327 641 Dantes
354 605 571 641 novissimus
591 609 697 651 poeta
720 606 916 641 Petrarcha
944 606 1157 651 pullulabat,
1179 605 1243 651 qui

65 676 154 700 vere
169 666 234 700 fuit
250 666 428 712 copiosior
444 666 479 701 in
493 666 644 702 dicendo
664 677 775 711 quam
792 666 876 711 ipse.
893 665 962 701 Sed
985 669 1085 701 certe
1104 669 1242 710 quanto

66 725 263 760 Petrarcha
298 725 363 760 suit
399 725 516 761 maior
551 729 675 761 orator
711 726 842 771 Dante,
875 729 974 761 tanto
1007 725 1141 761 Dantes
1177 725 1243 759 suit

67 784 184 820 maior
211 788 317 830 pocta
345 785 420 831 ipso
448 786 656 830 Petrai-clia,
680 788 719 820 ut
740 785 842 821 facile
867 788 965 831 patet
983 796 1029 821 ex
1048 785 1114 821 isto
1137 795 1243 822 sacro

66 848 246 890 poemate.

140 906 250 948 Sorye
277 906 313 939 αι’
339 906 489 940 mortali.
511 905 579 940 Ista
604 908 658 940 est
685 905 789 940 tertia
813 915 896 950 pars
915 905 1096 951 generalis
1116 904 1151 939 in
1171 915 1244 950 qua

64 967 171 1010 poeta
194 965 327 1000 Dantes
346 965 501 1000 ostendit
520 965 677 1010 qualiter
696 975 807 1010 opera
827 965 1000 1000 Beatricis
1022 965 1096 1010 ipse
1117 974 1245 1000 ascen—

65 1023 157 1059 derit
186 1025 341 1070 coe1um3
362 1029 397 1061 et
420 1025 538 1071 primo
565 1025 750 1070 praemittit
777 1025 952 1071 optimam
974 1025 1244 1071 dispositionem

66 1085 252 1130 temporis,
280 1096 353 1130 qua
381 1085 527 1120 intravit
554 1085 701 1129 coelum,
731 1085 806 1120 sive
834 1085 996 1131 implevit
1024 1085 1118 1120 istud
1151 1086 1245 1131 opti-

67 1155 170 1180 mum
198 1156 300 1191 opus.
330 1145 372 1180 Et
398 1145 476 1180 vult
503 1145 763 1181 sententialiter
790 1145 912 1180 dicere
939 1145 1037 1191 quod
1069 1145 1121 1180 sol
1148 1145 1244 1181 orie—

66 1205 176 1240 batur
202 1205 268 1241 sibi
295 1205 331 1240 in
357 1205 489 1241 ariete:
518 1209 553 1240 et
581 1205 693 1251 tangit
725 1205 843 1251 primo
869 1205 1090 1251 generaliter
1116 1205 1243 1240 multi-

67 1265 196 1311 plicem
224 1269 347 1300 ortum
376 1265 471 1309 solis,
498 1265 640 1300 dicens:
663 1268 712 1300 La
740 1267 882 1300 lucerna
901 1266 957 1300 del
974 1267 1114 1310 mondo,
1140 1265 1242 1310 idest,

68 1325 120 1361 sol
146 1325 196 1360 sic
222 1325 339 1360 dictus
365 1325 463 1360 solus
487 1335 598 1370 super
618 1325 740 1360 omnia
761 1325 902 1371 lucens;
923 1329 977 1361 est
997 1325 1093 1361 enim
1113 1325 1242 1360 oculus

69 1385 206 1430 mundi,
232 1396 337 1429 sorge
364 1386 400 1419 αι’
427 1385 580 1428 mortali,
601 1384 700 1429 idest,
721 1385 839 1420 oritur
858 1395 969 1431 super
988 1385 1164 1430 homines,
1181 1395 1247 1429 per

69 1446 203 1480 diverse
218 1446 302 1490 soci,
322 1444 423 1489 idest,
443 1444 607 1490 partibus
635 1445 691 1480 vel
719 1445 838 1491 signis.
860 1444 911 1480 Ad
931 1445 1028 1490 quod
1047 1445 1245 1480 notandum

69 1504 166 1549 quod
194 1504 247 1539 sol
275 1514 347 1539 non
375 1514 520 1550 semper
547 1504 665 1539 oritur
692 1515 760 1540 nec
784 1505 912 1540 occidit
939 1505 975 1540 in
1003 1505 1130 1540 codem
1155 1505 1247 1551 loco,

69 1563 131 1599 sed
157 1563 250 1599 alius
277 1567 331 1599 est
358 1568 461 1599 ortus
489 1564 566 1600 eius
589 1568 625 1600 et
653 1575 804 1600 occasus
824 1565 860 1600 in
879 1565 1133 1610 aequinoctiali,
1162 1566 1247 1610 quia

68 1623 162 1659 aries
186 1627 221 1659 et
248 1623 358 1659 libra:
378 1623 470 1659 alius
489 1627 542 1659 est
561 1627 665 1659 ortus
684 1628 718 1660 et
737 1635 889 1660 occasus
916 1625 952 1659 in
980 1625 1129 1660 solstitio
1157 1626 1247 1672 hye-

69 1683 166 1728 mali,
186 1683 271 1728 quia
294 1683 372 1718 finis
400 1684 585 1730 sagiptarii
612 1688 648 1720 et
675 1684 891 1730 principium
912 1685 1133 1730 capricorni:
1154 1686 1247 1721 alius

69 1746 122 1779 est
149 1743 184 1778 in
218 1743 367 1779 solstitio
399 1744 560 1789 aestivali,
588 1744 674 1789 quia
707 1744 786 1780 finis
816 1745 1051 1791 geminorum
1081 1749 1116 1781 et
1147 1746 1247 1791 prin-

70 1804 203 1849 cipium
232 1803 363 1838 cancri.
393 1803 452 1838 Sol
479 1808 604 1839 autem
638 1804 869 1850 principalius
904 1805 1022 1840 oritur
1048 1805 1083 1840 in
1110 1806 1246 1851 ariete,

71 1863 167 1898 unde
193 1863 294 1898 dicit:
323 1874 380 1897 ma
399 1864 445 1897 cla
465 1865 591 1908 quella,
611 1864 756 1909 scilicet,
777 1865 882 1900 fauce
904 1865 1022 1900 oritur
1050 1865 1246 1911 potissime,

70 1924 128 1958 clze
153 1924 280 1966 {lizmye
307 1926 444 1966 qzcczltro
471 1925 569 1967 segni
594 1934 659 1958 con
687 1928 737 1959 tre
764 1926 869 1968 croci,
896 1925 1042 1970 scilicet,
1064 1925 1099 1959 in
1119 1925 1247 1970 ariete,

71 1983 133 2018 ubi
160 1986 319 2028 quatuor
346 1983 472 2018 circuli
495 1983 771 2029 coniunguntur
790 1984 825 2018 in
845 1995 961 2019 unum
983 1985 1154 2021 facientes
1173 1988 1247 2022 tres

71 2053 210 2088 cruces,
239 2042 301 2088 qui
327 2046 412 2078 sunt
438 2043 711 2088 aequinoctialis,
739 2044 919 2089 zodiacus,
944 2045 1093 2080 horizon
1121 2048 1157 2081 et
1184 2056 1246 2082 co-

70 2103 184 2147 lurus,
195 2102 288 2137 sicut
301 2102 575 2138 demonstratur
590 2106 715 2148 aperte
730 2103 765 2138 in
781 2113 886 2149 spera
902 2104 1080 2140 materiali
1096 2105 1140 2140 ad
1156 2115 1245 2141 ocu—

72 2162 164 2197 lum:
194 2165 310 2208 potest
338 2165 460 2198 tamen
488 2162 636 2208 intelligi
664 2163 873 2209 allegorice,
895 2163 993 2208 quod
1021 2165 1072 2199 sol
1096 2165 1246 2211 justitias

134 2290 160 2321 (¹)
180 2292 208 2314 E.
227 2291 377 2321 Apollinem
396 2298 449 2319 me;
467 2294 491 2315 ct
510 2291 586 2315 dicct.
