1737 2836
39 444 201 476 CANTUS
227 445 456 477 YIGESIMUS
481 445 670 483 TERTIUS,
696 447 730 476 in
759 456 816 485 quo
847 450 962 477 tractat
984 447 1063 478 sicut
1085 447 1207 479 iurene-

115 504 189 532 runt
211 502 344 541 spiritns
368 502 434 531 vitii
456 500 537 541 9chae
561 502 614 540 qni
637 501 726 531 valde
755 504 845 532 erant
874 503 981 539 macri,
1006 505 1035 533 et
1058 503 1095 534 de
1118 503 1206 534 mocio

110 567 213 596 poma?
237 558 384 596 ripsorum,
408 556 463 586 snb
488 555 577 587 titulo
593 555 746 586 Forensis
770 558 994 596 consanyuz'nez‘
1009 557 1136 595 Dum‘is,
1155 559 1209 598 qni

117 612 213 643 multa
231 612 386 652 praedzlsit
410 615 517 643 contra
534 612 676 643 dominas
692 611 726 642 F
728 611 876 649 lorentiae,
895 615 923 642 et
939 612 976 643 de
994 613 1100 644 multis
1124 614 1206 644 aliis.

114 744 339 826 ffffssmffi
357 792 414 825 che
432 792 480 834 „qli
497 791 590 824 ocelli
603 800 669 834 per
686 791 721 824 Ia
732 791 865 835 frondet
881 791 991 825 verde.
1008 790 1206 835 Postquam

38 850 74 885 in
93 850 270 896 superiori
290 850 446 896 capitulo
466 850 560 885 circa
584 849 691 884 finem
713 853 819 895 poeta
842 853 963 885 noster
986 850 1153 884 tractavit
1172 853 1207 884 et

38 910 291 945 determinavit
319 910 363 945 de
390 920 497 955 poena
524 913 558 945 et
587 910 803 955 purgatione
837 910 1053 956 gulosorum
1082 910 1116 944 in
1143 919 1208 956 ge-

39 969 163 1014 nerali,
191 980 287 1004 nunc
315 972 581 1014 consequenter
608 969 681 1015 agit
707 973 742 1004 et
767 973 897 1004 tractat
916 969 961 1004 de
980 969 1107 1004 eadem
1129 979 1207 1004 ma—

39 1029 129 1064 teria
156 1029 271 1074 magis
299 1028 334 1062 in
361 1028 515 1073 speciali.
544 1029 585 1063 Et
613 1039 771 1073 praesens
793 1029 992 1074 capitulum
1013 1029 1124 1063 XXIII
1143 1039 1208 1074 po—

39 1092 108 1124 test
142 1088 249 1123 dividi
282 1088 315 1123 in
353 1092 511 1134 quatuor
545 1092 665 1134 partes
700 1089 889 1134 generales
923 1089 967 1123 ad
1004 1088 1134 1123 minus.
1169 1089 1208 1123 In

39 1148 156 1193 prima
183 1159 341 1193 quarum
365 1148 532 1183 describit
552 1148 706 1183 formam
726 1148 941 1194 gulosorum
964 1148 1122 1182 multum
1142 1158 1208 1183 cu-

40 1209 144 1244 riose.
172 1209 210 1243 In
237 1208 395 1244 secunda
423 1208 617 1243 introducit
645 1219 761 1242 unum
787 1208 953 1253 spiritum
985 1207 1206 1254 singularem

38 1268 258 1304 modernum
287 1272 453 1303 notatum
481 1268 566 1303 vitio
588 1269 695 1314 gulae,
715 1268 777 1313 qui
797 1267 861 1302 sibi
883 1267 1041 1302 declarat
1061 1278 1207 1312 poenam

39 1338 122 1373 quae
148 1328 303 1363 obscure
332 1328 444 1372 posita
472 1331 525 1363 est
553 1328 587 1362 in
616 1327 831 1372 praecedenti
858 1328 1027 1373 capitulo,
1050 1327 1117 1362 ibi:
1144 1322 1209 1362 Gid

39 1398 102 1422 era
127 1389 163 1421 ‘in
189 1389 372 1421 ammirar.
402 1388 439 1421 In
467 1387 572 1422 tertia
600 1390 705 1432 poeta
740 1390 862 1422 movet
895 1398 1007 1422 unam
1036 1386 1208 1431 quaestio-

39 1456 123 1482 nem
151 1446 244 1481 dicto
271 1446 421 1491 spiritui,
449 1446 513 1481 ibi:
543 1449 585 1481 Ec
608 1448 642 1481 io
670 1457 692 1481 α
719 1448 774 1480 lui.
794 1446 832 1480 ln
860 1449 990 1491 quarta
1017 1449 1052 1481 et
1082 1446 1208 1481 ultima

40 1506 244 1541 manifestat
266 1516 304 1541 se
322 1510 355 1541 et
384 1517 468 1541 suos
495 1507 604 1541 duces
631 1507 725 1541 dicto
744 1506 896 1551 spiritui,
917 1506 981 1541 ibi:
1002 1508 1088 1548 Dele,
1105 1508 1207 1550 frate.

38 1564 91 1599 Ad
118 1565 277 1610 primum
306 1565 453 1600 veniens
486 1566 564 1601 dico
597 1565 694 1610 quod
726 1569 831 1611 poeta
863 1565 1023 1600 declarat
1053 1566 1208 1600 sormam

40 1634 156 1670 poenae
181 1625 416 1671 gulosorum,
444 1629 480 1660 et
501 1625 618 1670 primo
650 1625 836 1671 praemittit
868 1636 973 1660 suam
1006 1625 1209 1671 dispositio-

40 1693 123 1719 nem
151 1695 260 1730 supra
277 1681 311 1729 4¹)
340 1685 511 1720 arborem
539 1685 707 1730 superius
734 1685 951 1730 descriptam
972 1694 1037 1729 per
1060 1695 1210 1730 compa-

41 1743 218 1779 rationem
250 1745 399 1789 claram,
432 1745 572 1779 dicens:
608 1747 753 1787 ,ileum-e,
785 1744 885 1789 idest,
921 1744 1077 1789 interim,
1112 1745 1209 1778 cln’io

37 1805 171 1847 ficcava
196 1805 244 1847 qli
269 1806 375 1847 ocelli,
394 1799 664 1849 intellectuales,
680 1815 746 1848 per
765 1806 799 1839 la
815 1805 949 1849 fronda
970 1805 1084 1847 verde,
1105 1804 1207 1848 idest,

41 1863 134 1897 illius
160 1863 300 1898 arboris
326 1874 347 1898 a
375 1863 491 1908 simili,
510 1860 537 1897 sl
560 1874 653 1898 come
672 1866 735 1908 fat·
760 1865 854 1898 szcole
871 1865 924 1898 chi
940 1864 1051 1898 cltelro
1078 1864 1135 1897 all’
1151 1874 1210 1897 uc-

40 1924 137 1958 celle'n
163 1933 226 1957 sua
264 1925 331 1958 vila
353 1924 481 1967 percle5
508 1926 542 1958 et
576 1927 629 1958 est
661 1923 885 1968 comparatio
920 1922 1082 1967 propria:
1117 1921 1209 1956 sicut

41 1982 137 2018 enim
165 1983 274 2018 homo
297 1982 479 2017 interdum
502 1982 573 2017 fixe
593 1982 736 2027 respicit
755 1982 848 2016 intra
868 1992 990 2017 ramos
1009 1981 1150 2016 arboris
1170 1984 1210 2015 ut

41 2041 160 2077 videat
186 2042 367 2077 aviculam
392 2042 437 2077 ibi
458 2043 641 2086 latentem,
661 2045 695 2077 et
717 2052 812 2087 saepe
830 2041 946 2087 perdit
966 2044 1109 2086 tempus
1128 2041 1210 2076 inu-

42 2101 160 2146 tiliter,
183 2102 267 2146 quia
286 2112 357 2136 non
378 2105 492 2147 potest
511 2102 607 2136 illam
629 2111 770 2146 capere,
790 2101 838 2136 ita
867 2104 965 2136 recte
988 2104 1093 2146 poeta
1113 2111 1209 2136 nunc

43 2161 254 2207 respiciebat
280 2165 416 2196 attente
443 2171 507 2206 per
534 2161 677 2196 frondes
707 2161 800 2195 illius
827 2160 978 2204 arboris,
1004 2164 1044 2195 ut
1072 2160 1210 2196 videret

105 2293 130 2322 ζ’)
148 2293 177 2316 Ε.
194 2300 208 2316 e
226 2295 279 2321 117,
297 2293 364 2316 circa
382 2293 509 2316 arborem.
