1766 2856
525 226 592 257 146
884 229 1086 255 COMENTUM
1113 228 1333 253 PURGATORII

521 304 652 340 dicitur
680 313 817 347 moruS,
846 299 980 337 dicento
1009 302 1198 345 vermiylio.
1229 301 1270 335 Et
1299 300 1354 336 hic
1380 305 1465 336 nota
1493 301 1590 346 quod
1617 301 1695 336 haec

520 364 586 399 fuit
613 364 761 399 historia
789 373 877 398 vera
912 373 983 398 non
1018 362 1150 407 fabula,
1179 361 1237 397 cui
1270 364 1392 396 tamen
1425 361 1571 396 Ovidius
1598 361 1696 397 addit

520 424 660 469 poetice
687 424 785 468 quod
813 423 960 470 sanguis
980 422 1134 458 istorum
1158 422 1359 457 decurrens
1378 421 1424 456 ad
1444 421 1582 457 radices
1603 422 1696 457 mori

520 484 648 518 ricinae
671 483 753 518 fecit
775 493 883 529 poma
903 483 996 517 illius
1016 483 1142 527 rubea,
1163 492 1245 527 quae
1264 481 1365 527 prius
1387 485 1491 517 erant
1510 481 1610 526 alba;
1630 492 1695 528 per

521 543 588 578 hoc
615 543 703 578 dans
730 543 931 590 figuraliter
959 543 1106 589 intelligi
1135 546 1304 577 naturam
1327 541 1475 586 amoris,
1495 542 1557 587 qui
1577 542 1695 587 primo

521 607 671 649 apparet
698 603 813 648 albus,
841 603 932 638 idest
958 613 1086 648 purus,
1113 602 1243 637 deinde
1271 601 1429 637 efficitur
1461 601 1599 637 rubeus
1630 611 1695 647 per

521 663 681 698 calorem
710 667 745 698 et
773 663 961 707 ruborem,
990 667 1025 698 et
1052 661 1222 708 expandit
1250 662 1436 696 flammam
1471 671 1554 706 quae
1584 661 1696 697 celari

522 733 594 758 non
622 726 757 768 potest;
786 723 914 758 ultimo
942 723 1099 758 efficitur
1126 722 1241 768 niger,
1270 721 1370 767 idest,
1390 731 1540 756 amarus
1567 725 1601 757 et
1629 721 1696 756 ob—

522 793 664 828 scurus,
692 783 739 818 ita
768 783 864 828 quod
891 783 959 817 sub
986 781 1177 817 dulcedine
1209 781 1311 816 istius
1344 781 1441 827 pomi
1473 782 1561 816 latet
1593 791 1697 817 ama-

523 843 642 877 ritudo
670 853 852 878 venenosa
880 853 962 887 quae
990 845 1141 887 apparet
1161 842 1195 876 in
1217 841 1296 876 fine.
1318 842 1358 876 Et
1378 841 1560 876 concludit
1578 844 1697 887 poeta,

523 902 619 947 quod
641 902 808 948 Virgilius
830 902 1030 948 prudenter
1052 901 1210 946 subrisit,
1230 901 1370 936 dicens:
1390 902 1471 936 ond'
1487 902 1529 944 ei,
1552 901 1697 946 seilicet,

524 961 704 1007 Virgilius,
733 958 841 997 crolle
869 964 903 997 ῖα
927 964 1057 1007 fronte„
1077 961 1122 997 ad
1146 962 1296 997 modum
1318 961 1547 1008 indignantis,
1567 972 1584 995 e
1609 963 1699 996 disse

524 1025 639 1056 come!
658 1022 760 1067 idest,
780 1022 965 1068 quomodo
981 1026 1034 1057 est
1056 1022 1176 1057 istud?
1198 1024 1339 1057 volemce'
1356 1026 1432 1057 star
1453 1023 1489 1057 (li
1507 1032 1588 1066 qua,
1608 1021 1699 1057 eitra

525 1081 667 1127 ignem,
685 1083 788 1127 quasi
807 1082 900 1117 dicat
921 1083 1228 1128 repraetiensorie:
1249 1083 1487 1118 debemusne
1502 1085 1598 1117 stare
1612 1092 1699 1117 con-

528 1142 614 1176 tenti
643 1142 677 1176 in
705 1142 805 1187 puris
833 1143 1062 1177 naturalibus
1081 1143 1268 1178 moraliter
1288 1143 1537 1189 investigando
1560 1142 1644 1177 vitia
1663 1146 1699 1178 et

524 1201 690 1246 virtutes,
727 1206 761 1237 et
796 1212 868 1237 non
902 1202 1057 1238 transire
1092 1203 1137 1238 ad
1169 1204 1461 1249 supernaturalia
1494 1214 1578 1248 quae
1615 1205 1699 1238 sunt

526 1261 621 1297 ultra
649 1262 769 1308 ignem
799 1263 970 1298 latentia?
997 1263 1077 1298 ideo
1104 1263 1206 1298 dicit:
1235 1265 1308 1298 incid
1333 1265 1478 1307 sorrise,
1498 1263 1613 1298 factus
1635 1263 1699 1297 lae-

526 1325 594 1367 tus,
623 1333 717 1357 come
742 1324 773 1357 si
795 1325 836 1368 sa
864 1324 900 1357 αῖ
921 1325 1057 1368 sanciat
1081 1321 1159 1358 clc'e'
1185 1325 1275 1358 vinco
1294 1325 1332 1358 al
1353 1335 1473 1368 pomo,
1495 1323 1556 1369 qui
1586 1323 1699 1359 flecti-

526 1386 596 1427 tur,
626 1383 687 1417 ubi
716 1383 832 1429 primo
861 1384 1071 1419 ostendebat
1101 1394 1139 1419 se
1167 1384 1313 1429 durum,
1343 1388 1378 1420 et
1411 1384 1577 1429 sequitur
1608 1384 1700 1419 offe-

526 1446 681 1488 rentem,
710 1453 820 1488 qnenl
849 1443 967 1488 primo
995 1444 1167 1489 fugiebat.

601 1504 666 1537 Poe'
684 1504 806 1537 (lentro
827 1505 864 1537 al
877 1504 991 1547 suoco.
1012 1504 1080 1538 Ista
1106 1508 1159 1538 est
1187 1504 1346 1539 secunda
1366 1515 1449 1549 pars
1468 1503 1576 1539 huius
1603 1504 1702 1549 capi-

526 1562 591 1597 tuli
613 1562 804 1608 generalis,
825 1562 860 1596 in
880 1573 951 1607 qua
971 1566 1077 1608 poeta
1098 1567 1221 1597 noster
1239 1563 1409 1598 describit
1429 1574 1537 1598 suum
1560 1564 1701 1599 felicem

526 1621 719 1656 transitum
748 1632 812 1667 per
840 1622 961 1669 ignem
990 1626 1131 1657 tantum
1153 1622 1400 1657 formidatum.
1422 1623 1463 1657 Et
1486 1623 1603 1668 primo
1624 1627 1702 1658 tan-

526 1681 576 1728 git
603 1681 780 1727 ordinem,
809 1682 950 1717 dicens:
973 1684 1049 1725 Poi,
1078 1683 1136 1717 ille
1155 1682 1323 1728 Virgilius
1352 1683 1475 1718 videns
1503 1693 1563 1718 me
1591 1683 1702 1718 redu—

527 1745 638 1786 ctum,
658 1744 688 1776 sz'
706 1744 789 1776 mise
807 1744 929 1777 dentre
957 1744 994 1776 al
1015 1745 1118 1788 [noco
1142 1744 1287 1777 innanzi
1306 1753 1370 1786 me,
1391 1746 1429 1777 ut
1450 1743 1618 1778 redderet
1641 1753 1702 1779 me

526 1811 713 1846 securum,
738 1804 923 1846 preyando
950 1804 1068 1837 Slazio
1095 1803 1153 1837 che
1182 1804 1309 1837 remisse
1337 1804 1461 1846 dielro,
1492 1806 1532 1837 ut
1567 1803 1701 1838 Dantes

527 1865 619 1897 esset
649 1862 800 1907 medius,
828 1863 885 1897 elce
910 1865 1006 1907 μνία,
1035 1863 1135 1906 idest,
1164 1862 1224 1907 qui
1254 1862 1388 1898 Statius
1421 1863 1555 1898 vadens
1583 1863 1701 1909 primo

526 1931 611 1957 cum
640 1921 799 1968 Virgilio,
828 1924 858 1956 ci
883 1924 1002 1965 divise,
1030 1922 1164 1957 scillcet
1191 1933 1266 1967 nos,
1300 1923 1434 1958 scilicet
1454 1923 1643 1969 Virgilium
1679 1933 1701 1958 a

528 1992 597 2026 me,
626 1982 688 2026 qui
716 1982 898 2027 sequebar
926 1982 1043 2028 primo
1073 1986 1285 2027 utrumqne.
1311 1983 1352 2017 Et
1374 1982 1493 2017 subdit
1515 1982 1701 2028 quomodo

527 2041 645 2075 statim
675 2042 784 2076 sensit
819 2043 916 2087 quod
953 2043 1136 2087 timuerat,
1173 2042 1315 2077 dicens:
1343 2043 1473 2076 com’zo
1501 2044 1554 2087 fui
1579 2043 1702 2077 (lentro

526 2103 572 2135 mi
597 2103 692 2135 sat-ec·
721 2103 842 2144 gse'llalo
876 2104 910 2137 itt
945 2113 987 2137 nn
1023 2103 1189 2145 bayliente
1223 2106 1316 2136 velro
1345 2113 1410 2146 pel·
1444 2103 1702 2147 rinfrescarmi,

528 2162 631 2207 quasi
659 2162 752 2197 dicat
786 2163 903 2206 tacite,
933 2163 1029 2207 quod
1058 2163 1193 2197 vitrum
1224 2163 1376 2197 bulliens
1405 2163 1439 2197 in
1467 2163 1615 2198 fornace
1641 2173 1703 2198 ar—

528 2221 637 2266 denti,
658 2222 755 2266 quod
781 2225 834 2257 est
861 2233 1007 2257 summe
1027 2223 1205 2269 calidum,
1233 2223 1419 2259 videretur
1438 2222 1622 2269 frigidum,
1642 2232 1702 2258 re-

529 2292 615 2317 cens
642 2285 678 2316 et
706 2282 926 2328 refrigerans
945 2293 1080 2327 aquam
1102 2283 1320 2328 respective,
1340 2287 1436 2318 tanco
1454 2293 1517 2317 era
1536 2283 1583 2316 ivi
1600 2283 1634 2317 lo
1649 2283 1702 2316 ἠ-
