1737 2836
403 238 540 264 CANTUS
568 239 756 263 VIGESIMUS
782 237 924 263 PRIMUS.
1229 231 1249 260 5

82 321 197 346 unum
225 311 343 345 solum
372 310 577 356 prodigum,
598 310 682 355 quia
709 309 811 345 avari
837 312 922 344 sunt
948 307 1087 352 infiniti,
1106 311 1141 343 et
1163 318 1251 353 pro-

80 370 151 417 digi
185 370 270 415 rari,
303 374 337 405 et
372 373 455 404 sunt
490 369 606 415 magis
640 369 738 404 clari.
779 369 869 403 Dicit
904 378 1016 414 ergo:
1053 378 1071 402 e
1110 369 1251 411 I'iryilc'o

78 427 187 465 rende*
211 432 258 465 [αι’
284 432 309 464 il
333 439 440 464 cereno
466 429 552 462 61ιά
579 424 630 462 οἱὸ
662 430 692 462 εἰ
724 430 887 473 consace5
920 427 1004 473 quia
1036 426 1112 472 pari
1145 436 1252 461 reve-

82 490 197 526 rentia
225 489 408 525 inclinavit
434 491 541 533 caput
569 488 627 532 illi,
656 491 691 523 et
719 488 927 522 resalutavit
946 484 980 531 ς’)
1009 487 1122 521 illum.
1151 485 1252 520 Unde

82 550 185 585 dicit:
211 551 271 594 poe?
297 544 476 591 εοηιὶησίὸ,
507 547 644 592 supple,
672 547 812 582 dicere:
842 549 875 581 Ια
906 558 1024 581 verace
1050 550 1156 589 corle,
1182 545 1253 580 sci—

81 609 163 645 licet
190 609 320 653 divina,
348 608 383 643 in
411 618 483 653 qua
512 618 583 642 non
612 610 739 653 regnat
767 606 908 651 invidia,
933 616 1003 640 uon
1036 607 1131 641 valet
1158 606 1251 641 adu-

82 669 177 713 latio⁷
206 670 264 703 elle
291 679 343 702 me
364 669 489 711 rzssleya,
510 667 610 711 idest,
630 666 797 711 confluat,
817 667 894 700 ‘nell'
909 669 1025 700 eterno
1052 667 1159 708 esum,
1185 665 1253 700 sei-

82 728 175 773 licet,
203 728 238 762 in
265 727 376 762 limbo
404 726 545 771 inferni,
565 726 625 761 ubi
649 736 730 761 sum
759 726 844 761 exul
872 724 1091 760 aeternaliter
1111 735 1132 759 a
1151 724 1253 759 curia

81 787 175 822 illius
203 787 308 833 regis,
338 788 361 821 li
380 797 503 830 ponya
530 788 564 820 in
590 795 688 829 pace,
716 795 825 830 quam
860 784 1030 819 nuntiasti
1059 783 1173 828 nobis,
1200 785 1256 817 nel

83 847 180 881 bealo
206 848 362 888 concilio,
391 846 491 890 idest,
513 846 547 880 iu
566 845 781 880 concistorio
804 845 1009 880 beatorum.
1030 844 1071 878 Et
1090 843 1140 878 sic
1162 843 1253 886 vide,

85 906 270 952 quomodo
290 905 459 951 Virgilius
479 908 598 950 captat
617 903 907 939 benevolentiam
928 903 1083 948 optando
1104 902 1149 937 illi
1170 902 1256 937 illud

83 967 220 1002 bonum
241 965 337 1011 quod
358 976 423 1010 pro
442 975 480 1000 se
500 975 702 1009 numquam
724 967 915 1009 sperat.—
929 966 1048 998 Come!
1067 963 1130 997 Hie
1150 965 1255 1008 poeta

84 1025 182 1072 ponit
209 1025 417 1070 petitionem
452 1034 563 1069 quam
592 1023 673 1058 fecit
700 1023 834 1058 Statius
858 1033 901 1057 ex
930 1022 1181 1066 admiratione,
1202 1021 1257 1056 di-

85 1096 188 1121 cens:
216 1086 386 1128 ‹Ie'ss³e9lc‘,
406 1084 550 1128 scilicet,
571 1083 705 1118 Statius
719 1078 774 1126 (2):
808 1085 931 1116 Come!
952 1082 1052 1126 idest,
1072 1081 1257 1126 quomodo

85 1150 139 1182 est
166 1145 259 1180 istud
286 1144 420 1179 factum
451 1143 627 1188 mirabile,
654 1154 689 1177 se
717 1144 772 1177 voi
794 1144 872 1177 siete
894 1143 1013 1176 ombre
1035 1143 1094 1176 elce
1123 1143 1190 1176 Dio
1218 1151 1258 1175 su

86 1216 154 1241 non
181 1206 295 1249 (leym)
316 1204 416 1249 idest,
437 1214 526 1249 quas
545 1204 642 1238 Deus
661 1213 732 1238 non
756 1202 862 1237 faeiat
889 1202 1014 1248 dignas
1042 1201 1255 1237 ascensione

87 1275 255 1311 superna,
278 1264 370 1299 sieut
397 1267 436 1298 tu
464 1263 550 1298 dieis
572 1262 668 1308 quod
688 1262 862 1309 relegaris
882 1262 916 1296 in
945 1261 1146 1306 i11feris‚clzz'
1175 1262 1256 1295 v'lza

87 1329 182 1360 tanco
207 1328 332 1367 scone,
355 1324 433 1369 J'am
461 1334 525 1369 per
552 1326 604 1357 tot
630 1322 776 1368 gradus,
796 1332 861 1366 per
880 1324 914 1356 Ια
935 1332 998 1356 seca
1016 1323 1127 1364 scala,
1156 1321 1257 1366 idest,

88 1395 152 1431 per
180 1388 342 1419 montem
376 1382 577 1429 purgatorii
605 1381 666 1426 qui
698 1381 796 1415 ducit
827 1381 871 1415 ad
907 1381 1069 1415 eoelum?
1097 1380 1139 1414 Et
1175 1379 1257 1415 facit

90 1454 201 1479 unam
221 1442 476 1489 parenthesim,
496 1441 637 1476 dicens:
660 1442 687 1484 (e
702 1444 804 1485 parte
823 1441 1000 1474 cnzctavam
1017 1441 1132 1484 forle),
1156 1439 1258 1483 idest,

89 1508 125 1540 et
152 1503 294 1538 interim
316 1503 458 1537 ibamus
478 1501 662 1545 velociter,
682 1510 748 1535 nee
768 1500 1001 1534 tardabamus
1021 1499 1087 1533 illis
1107 1500 1261 1543 loquen-

90 1564 195 1608 tibus,
223 1563 271 1598 ita
307 1562 403 1607 quod
435 1561 492 1596 hie
528 1565 629 1605 parte
660 1570 732 1595 non
764 1560 909 1595 denotat
950 1559 1164 1605 portionem,
1194 1569 1260 1594 nec

91 1627 144 1659 est
172 1633 316 1667 nomen,
346 1622 418 1657 imo
449 1621 678 1665 adverbium,
711 1623 746 1655 et
778 1623 919 1655 tantum
952 1620 1047 1654 valet
1080 1622 1259 1664 quantum

90 1683 125 1718 in
152 1683 220 1717 isto
248 1682 379 1726 medio,
407 1685 442 1717 et
469 1685 521 1716 est
549 1681 703 1726 vulgare
730 1679 975 1715 florentinum.
997 1679 1037 1713 Et
1059 1679 1179 1713 subdit
1202 1689 1262 1714 re—

90 1743 320 1788 sponsionem
350 1741 485 1787 Virgilii
513 1740 557 1775 ad
586 1740 738 1775 Statium
767 1739 908 1774 diceus:
940 1750 957 1773 e
984 1740 1007 1773 ’l
1032 1740 1147 1773 doctor
1180 1740 1261 1782 mlo,

91 1803 236 1846 seilicet,
264 1801 434 1847 Virgilius
460 1800 572 1835 dixit:
599 1811 635 1834 se
670 1803 702 1834 lu
737 1801 900 1843 riquardi
931 1801 942 1833 ι’
972 1801 1082 1842 segni,
1117 1799 1262 1843 scilicet,

94 1863 118 1897 P
141 1862 243 1907 nigra
258 1856 306 1905 3³),
326 1862 384 1894 che
401 1861 508 1904 qzteslz'
522 1863 641 1903 porta7
662 1859 807 1903 scilicet,
826 1858 892 1893 iste
912 1861 1016 1903 poeta
1037 1869 1151 1893 novus
1170 1858 1263 1904 gerit

93 1922 128 1956 in
156 1922 284 1965 fronte,
313 1931 330 1955 e
356 1921 413 1954 che
440 1921 580 1962 I'anyel
599 1920 744 1963 profila,
772 1918 872 1962 idest7
900 1928 982 1962 quae
1014 1918 1114 1963 signa
1151 1927 1264 1964 ange-

94 1983 150 2017 lus
177 1980 344 2016 describit
372 1990 457 2015 eum
485 1989 571 2014 ense
599 1978 797 2022 uuicuique
824 1977 969 2013 intranti
997 1977 1264 2023 purgatorium,

94 2051 254 2087 quorum
284 2043 443 2085 quatuor
465 2039 541 2084 J'am
571 2037 714 2082 delevit,
734 2041 769 2072 et
797 2037 864 2071 tria
891 2037 1009 2072 adbuc
1038 2040 1174 2072 restant
1201 2036 1265 2072 de-

94 2100 210 2144 lenda,
238 2100 298 2134 ben
329 2100 450 2134 vedrczi
476 2099 534 2133 che
560 2099 702 2132 conve'en
729 2096 818 2131 clz’e'
836 2098 937 2140 regym'
956 2098 1009 2131 coi
1030 2097 1144 2139 buoni,
1164 2095 1264 2140 idest,

96 2159 193 2205 quod
219 2159 263 2193 sit
289 2158 334 2194 de
360 2168 515 2193 numero
550 2156 822 2201 salvandorum,
851 2156 932 2191 lieet
962 2166 1031 2202 ego
1063 2155 1129 2190 sim
1162 2155 1266 2190 dam—

159 2289 184 2318 (¹)
205 2291 255 2317 117,
273 2289 398 2312 salutauit.
521 2288 546 2317 (Ἰ)
567 2290 618 2315 117,
637 2287 680 2311 ille
698 2287 800 2311 Statius.
927 2287 952 2316 (⁸)
971 2288 1014 2310 117
1032 2293 1046 2309 6
1064 2286 1093 2309 Ε.
1111 2292 1168 2315 pars
1186 2285 1265 2315 nigra.
