1737 2836
521 173 658 200 CANTUS
685 174 854 201 oeTAst.
1207 171 1275 203 487

99 249 203 292 satta,
230 247 375 290 scilicet,
403 246 460 282 illa
488 247 549 281 lux
579 247 671 282 sacta
698 250 798 283 tanta
817 251 852 283 et
872 248 961 293 talis,
982 253 1113 292 quanta
1138 261 1154 284 e
1176 251 1277 293 quale

104 308 218 342 vid’io
246 308 288 341 lei
310 309 372 351 sar
394 309 486 351 piae,
515 306 549 341 in
579 307 827 353 magnitudine
854 311 889 343 et
916 308 1111 354 luciditate,
1131 320 1195 354 per
1222 311 1276 344 al-

101 369 267 411 leyrezza
286 377 400 411 nova5
420 367 486 402 ista
505 367 625 402 anima
646 367 765 403 fuerat
784 369 865 404 laeta
885 368 919 403 in
943 369 1026 413 vita,
1049 373 1127 405 erat
1139 365 1173 413 (⁴)
1195 370 1277 404 laeta

101 427 137 462 in
163 427 268 471 coelo,
296 430 332 462 et
365 436 461 462 nunc
494 427 601 462 tertio
633 427 726 463 sacta
759 432 812 463 est
844 429 960 464 laetior
990 430 1034 464 ad
1067 431 1275 476 petitionem

100 487 262 532 autoris3
292 487 388 522 unde
424 487 524 522 dicit:
560 488 618 521 elce
650 488 865 532 s'accrehbe,
901 489 1003 534 idest,
1042 491 1276 536 multiplicata

101 551 166 592 est,
194 548 364 591 (Juaml'io
383 548 505 591 [ιω-[αῖ
525 548 592 581 alle
610 548 806 590 aHeyrezw
825 558 896 592 sue,
918 550 965 583 mi
982 551 1088 584 disse:
1108 552 1133 584 ι’]
1151 552 1278 586 mondo

101 609 144 642 m’
158 607 237 642 ebbe
261 605 320 651 yid
336 618 425 651 poco
445 611 555 651 ίθηιρο
566 620 580 651 ,·
599 608 702 652 quasi
725 608 837 643 dicat:
864 619 995 654 parum
1017 610 1088 645 vixi
1108 611 1144 645 in
1164 614 1275 656 terra,

45 659 55 668 ⁹
99 677 130 710 e,
157 678 193 702 se
215 665 276 712 piei
300 669 394 712 fosse
418 671 519 713 stam,
549 667 649 713 idest,
668 668 697 703 si
719 668 854 704 diutius
873 669 1057 714 vixissem,
1077 673 1112 705 et
1131 681 1278 706 succes—

101 727 228 763 sissem
256 727 348 773 patri
372 738 467 772 meo,
487 727 579 764 sicut
606 727 651 763 de
673 728 759 774 jure
778 728 969 774 debebam,
995 731 1099 765 mollo
1125 726 1214 765 sard
1242 732 1279 766 di

100 789 173 823 mal
205 789 263 823 che
293 798 363 822 uon
389 788 545 832 sat-ebbe,
583 788 667 833 quia
704 789 833 824 melius
865 789 1127 836 gubernassem
1164 801 1277 837 regna

102 858 182 883 mea
219 847 444 893 liberalitate,
481 859 592 893 quam
629 848 812 884 Robertus
845 860 910 884 sua
947 850 1154 896 cupiditate,
1191 862 1276 887 cum

101 911 174 943 tota
203 908 375 954 sapientia
405 918 481 953 sua,
511 908 573 953 qui
601 909 754 944 exclusit
786 909 899 944 filium
935 921 1058 945 meum
1093 922 1113 946 a
1152 922 1278 958 regno,

101 972 141 1002 ut
167 972 291 1013 postea
319 968 461 1003 dicitur.
478 971 590 1003 —La
618 971 698 1004 mist.
728 969 790 1005 Hic
809 970 962 1005 Carolus
980 980 1160 1005 excusans
1180 971 1278 1006 Dan-

100 1031 174 1063 tem
209 1038 325 1073 quare
360 1039 431 1063 non
466 1029 691 1076 recognoscit
714 1025 748 1073 (Ξ)
788 1040 886 1075 eum,
924 1030 1127 1066 manifestat
1163 1041 1202 1066 se
1233 1032 1279 1067 ab

99 1097 228 1123 amore
255 1088 415 1133 pristino,
445 1089 587 1124 dicens:
618 1092 665 1123 La
700 1091 769 1123 mia
803 1091 929 1134 laisla,
969 1100 1052 1134 quae
1083 1091 1276 1126 coniuncta

100 1157 185 1182 cum
214 1148 296 1183 luce
324 1148 440 1184 reddit
468 1159 528 1184 me
555 1149 818 1194 pulcerrimum
849 1150 944 1185 ultra
967 1150 1117 1185 modum
1143 1151 1275 1187 buma-

102 1217 203 1252 num,
232 1210 278 1242 mi
305 1210 328 1242 ti
354 1210 418 1243 τίθη
446 1210 568 1251 celalo,
588 1209 688 1253 idest,
708 1209 933 1256 incognitum
954 1210 1026 1254 tibi,
1047 1212 1105 1245 clw
1124 1213 1171 1246 mi
1187 1222 1275 1256 raq-

99 1269 159 1310 ‚qz'a
186 1269 387 1311 d'iMorno,
415 1268 515 1313 idest,
546 1268 701 1315 refulget
728 1269 867 1305 lumine
889 1269 1021 1315 divino,
1045 1270 1138 1305 sicut
1164 1282 1274 1317 supra

99 1327 242 1362 dicebat
257 1323 291 1372 ᾖ)
322 1327 496 1363 Picbarda
516 1328 561 1363 de
583 1339 622 1364 se
650 1329 684 1363 in
712 1339 816 1374 spera
842 1330 949 1375 lunae,
968 1340 986 1364 e
1012 1332 1059 1365 mi
1084 1333 1273 1375 nascende,

100 1399 121 1424 a
148 1389 264 1433 simili,
294 1391 394 1433 quast
420 1390 555 1424 animal
579 1391 616 1424 cli
641 1400 704 1424 sua
731 1393 803 1424 sela
822 1392 972 1435 fascialo
980 1404 994 1435 ,-
1014 1391 1106 1426 sicut
1125 1395 1222 1437 patet
1241 1392 1276 1427 in

103 1450 289 1485 vermibus
308 1450 523 1484 facientibus
542 1450 715 1495 sericum,
737 1460 898 1495 quorum
919 1451 1035 1486 forma
1057 1451 1198 1487 fassiata
1219 1462 1276 1488 se-

102 1509 176 1544 rico
203 1520 275 1544 non
302 1513 464 1555 apparet,
492 1509 539 1544 ita
568 1512 603 1545 et
629 1510 751 1545 anima
776 1510 892 1545 velata
913 1510 1051 1546 lumine
1069 1506 1103 1555 (¹¹)
1131 1522 1201 1547 non
1224 1513 1277 1547 vi-

99 1569 217 1606 detur.
247 1570 288 1605 Et
317 1574 357 1605 ut
380 1570 530 1605 reducat
550 1580 635 1605 eum
657 1570 691 1605 In
710 1570 954 1616 cognitionem
975 1571 1029 1605 sui
1051 1576 1276 1607 rememorat

99 1629 164 1664 sibi
184 1630 475 1665 benevolentiam
496 1630 651 1676 primam
668 1630 874 1665 inchoatam
895 1631 929 1665 in
950 1634 1061 1676 terra,
1077 1641 1159 1676 quae
1179 1642 1276 1667 nunc

101 1689 286 1734 perficitur
313 1689 348 1724 in
375 1690 479 1735 coelo,
494 1690 635 1725 dicens:
663 1692 760 1725 assae·
782 1692 825 1725 m’
840 1693 978 1735 anzasti,
999 1694 1034 1726 et
1057 1701 1077 1727 e
1099 1702 1277 1727 converso

99 1759 168 1795 ego
196 1752 230 1783 te
257 1749 389 1793 amavi,
418 1749 503 1794 quia
530 1750 689 1785 amicitia
721 1754 774 1785 est
805 1761 911 1786 amor
944 1754 1095 1785 mutuus
1124 1752 1277 1787 manife-

101 1812 197 1853 stus,
226 1808 323 1843 unde
350 1808 451 1843 dicit:
480 1812 511 1843 ec
535 1811 643 1844 aresti
660 1810 741 1844 bene
762 1812 864 1853 mide,
895 1811 998 1855 quasi
1021 1810 1134 1846 dicat:
1155 1814 1189 1846 et
1212 1812 1277 1846 ha-

100 1869 205 1903 buisti
234 1869 327 1903 bene
356 1868 546 1903 materiam
575 1873 611 1904 et
637 1880 786 1905 causam
821 1870 967 1905 amandi
1002 1881 1071 1915 me,
1104 1872 1174 1914 elle,
1202 1872 1276 1905 s’z'o

97 1930 184 1974 sossi
215 1926 273 1972 ι(μίἰ
308 1932 410 1971 stam,
444 1928 580 1963 diutius
611 1928 646 1963 in
679 1929 762 1974 vita,
797 1931 830 1963 io
866 1931 889 1964 ta·
924 1934 1104 1964 moslrava
1137 1931 1174 1965 dv?
1208 1932 1276 1965 mio

100 1999 235 2032 amore,
263 1988 324 2033 qui
353 1991 432 2023 erat
460 1988 494 2022 in
523 1988 623 2033 flore,
648 1986 708 2034 pii)
741 1990 827 2023 ollre
857 1991 916 2023 che
947 1991 976 2023 le
1005 1991 1147 2034 fronde,
1175 1990 1276 2035 idest,

101 2059 233 2085 verum
262 2048 500 2083 sructum.—
517 2050 646 2091 (mella.
676 2049 780 2084 Nunc
807 2049 970 2094 Carolus,
998 2053 1191 2095 postquam
1213 2049 1277 2085 de—

100 2108 241 2154 scripsit
268 2118 306 2144 se
333 2119 354 2144 a
381 2109 517 2145 virtute
543 2109 666 2152 animi,
695 2109 864 2144 describit
891 2120 929 2145 se
962 2110 1008 2145 ab
1039 2110 1277 2156 amplitudine

162 2201 189 2229 (¹)
208 2201 236 2224 E.
254 2204 309 2224 crat
326 2202 404 2224 etiam
424 2202 490 2224 lenta.
785 2202 811 2231 (²)
830 2204 851 2230 4,
870 2202 1010 2232 cognoscit,

164 2238 190 2268 (⁸)
208 2239 237 2262 E.
257 2239 356 2263 dicebat
373 2239 416 2263 illa
436 2240 567 2263 Picharda.
788 2240 813 2269 (⁴)
832 2242 853 2269 4,
873 2241 897 2264 in
916 2241 1021 2264 lumine.
