1766 2856
505 236 573 268 194
839 241 1044 267 COMENTUM
1071 240 1289 266 PtRGATORn

502 327 520 351 e
545 317 713 351 benedette
745 316 847 349 siano
875 315 908 348 in
935 317 1052 348 eterno
1084 314 1114 348 Ie
1142 313 1289 347 bellezze
1307 315 1369 347 tue.
1385 308 1585 346 —Posciass
1611 310 1676 345 Hic

503 380 620 422 poeta,
641 376 725 421 qnia
747 375 971 421 figuraverat
996 377 1101 409 vetus
1120 375 1379 408 testamentum
1399 371 1496 416 quod
1523 370 1558 406 in
1578 370 1676 405 libris

502 436 626 482 viginti
638 439 797 480 quatuor
807 434 1024 478 continetur,
1038 443 1133 468 nunc
1149 431 1297 468 intendit
1308 431 1514 466 describere
1525 441 1676 475 novum,

505 495 601 541 quod
621 495 810 530 ordinatur
830 504 894 540 per
914 494 1024 529 libros
1043 493 1226 538 quinque:
1247 496 1282 527 et
1306 491 1424 537 primo
1446 491 1592 536 quiden]
1613 491 1677 526 de-

503 555 625 591 scribit
641 559 801 600 quatuor
820 554 1069 601 evangelistas.
1092 553 1133 588 Et
1152 553 1196 588 ad
1216 551 1486 597 intelligentiam
1509 551 1616 586 huius
1635 550 1677 585 li—

506 620 594 652 terae
609 619 661 651 est
676 615 876 659 sciendum,
890 614 986 659 quoii
1002 613 1165 649 Ezechiel
1182 616 1305 647 narrat
1321 622 1359 648 se
1375 612 1503 647 vidisse
1518 614 1678 657 quatuor

506 675 687 722 animalia,
709 685 867 720 quornm
893 674 1000 708 unius
1028 674 1150 708 vultus
1176 675 1255 707 erat
1277 672 1384 708 facies
1404 672 1570 717 hominis,
1588 671 1679 707 alte-

506 736 582 772 rius
604 735 729 780 leonis,
749 735 899 770 alterins
918 733 1030 777 bovis,
1051 732 1200 768 alterius
1218 732 1360 777 aquilae.
1384 733 1482 767 Hanc
1502 732 1677 767 visionem

506 796 654 842 exponit
681 794 879 840 Gregorius
902 804 968 839 pro
991 792 1220 839 evangelistis
1241 792 1371 837 primo,
1391 796 1427 828 et
1449 792 1496 827 ita
1519 791 1680 836 loquitur

506 857 563 892 hic
591 859 697 901 poeta
730 857 862 889 noster.
898 853 1086 888 Matthaeus
1118 852 1213 887 enim
1247 848 1407 897 coepitg'l
1441 852 1487 886 ab
1520 852 1681 886 hnmana

507 915 755 962 generatione,
784 913 864 949 ideo
892 913 999 948 habet
1028 912 1154 947 facien]
1184 911 1362 946 hominis:
1391 911 1534 946 Marcus
1560 921 1580 945 a
1608 910 1683 946 cla-

508 986 612 1011 more
626 970 661 1019 (ἢ
692 975 725 1009 in
755 975 909 1018 deserto,
938 973 1018 1008 ideo
1052 973 1161 1007 habet
1189 972 1315 1007 facien]
1352 972 1483 1007 leonis:
1512 972 1628 1006 Lucas
1645 965 1680 1015 (³)

508 1046 597 1072 vero
617 1035 723 1071 habet
753 1034 880 1070 faciem
911 1033 1011 1068 vituli
1040 1033 1124 1078 quia
1153 1032 1298 1077 incoepit
1320 1043 1341 1067 a
1360 1032 1554 1067 sacrificio:
1575 1031 1685 1067 Joan-

511 1106 573 1131 nes
600 1095 708 1130 habet
736 1094 863 1129 facien]
891 1093 1022 1138 aquilae
1050 1092 1135 1138 quia
1163 1092 1309 1138 incoepit
1327 1102 1348 1128 a
1368 1092 1553 1127 dlvinitate
1581 1090 1683 1127 verbi

510 1156 592 1201 Dei3
621 1155 701 1191 ideo
729 1164 832 1190 more
859 1154 990 1199 aquilae¹
1019 1152 1132 1187 infixit
1151 1153 1276 1188 oculos
1296 1153 1330 1187 in
1354 1153 1479 1188 solem.
1499 1153 1603 1187 Nunc
1622 1161 1684 1186 01·-

511 1217 594 1252 dina
621 1216 763 1251 literani
798 1214 867 1249 sic:
900 1216 1044 1256 Quales-0
1075 1214 1231 1258 animali,
1262 1213 1407 1258 scilicet,
1439 1211 1685 1258 evangelistae‚

512 1280 679 1312 coronato
698 1277 836 1310 ciascun
856 1275 892 1309 di
910 1275 1011 1309 verde
1027 1275 1175 1319 fronda,
1191 1273 1274 1318 quia
1295 1276 1399 1308 erant
1419 1272 1634 1307 virentiores
1646 1264 1682 1315 ff)

513 1341 548 1373 et
575 1336 802 1372 florentiores
830 1345 941 1381 quani
976 1334 1023 1369 illi
1058 1334 1230 1379 seniores,
1259 1334 1342 1379 quia
1371 1333 1555 1379 juniores3
1590 1332 1686 1368 unde

514 1397 599 1433 fides
632 1397 711 1442 plns
744 1396 889 1442 vigebat
924 1395 959 1430 in
995 1395 1057 1439 eis,
1096 1405 1246 1429 vennere
1280 1404 1448 1439 appresso
1484 1395 1552 1437 lor,
1587 1393 1687 1438 idest,

513 1461 592 1503 post
623 1457 700 1492 illos
732 1456 855 1502 viginti
893 1459 1053 1500 quatuor
1089 1466 1110 1490 a
1145 1454 1263 1498 simili,
1304 1465 1398 1489 come
1433 1456 1504 1489 luce
1537 1455 1689 1489 seconda

514 1519 597 1562 luce,
628 1517 729 1561 idest,
757 1515 924 1560 sequitur
952 1515 1138 1559 luce1n7in
1167 1516 1248 1558 (vel,-
1271 1518 1306 1549 et
1334 1518 1387 1549 est
1414 1514 1558 1560 propria
1586 1524 1689 1549 com-

515 1576 665 1622 paratio,
693 1575 778 1620 qnia
805 1575 896 1609 sicut
923 1574 957 1608 in
986 1574 1080 1609 coelo
1107 1584 1179 1609 una
1203 1574 1305 1609 stella
1331 1574 1448 1609 oritur
1474 1577 1552 1620 post
1579 1574 1686 1609 aliam

515 1636 560 1671 ad
596 1635 874 1670 illuminandum
914 1634 1093 1668 mundum
1130 1637 1294 1679 tempore
1327 1634 1451 1679 noctis,
1488 1634 1535 1669 ita
1570 1634 1689 1680 primo

517 1696 596 1731 libri
624 1695 762 1740 antiqui
782 1695 956 1730 luxerunt
976 1694 1011 1728 in
1031 1694 1168 1729 mundo
1188 1693 1223 1728 in
1243 1697 1409 1740 tempore
1429 1694 1689 1739 tenebrarum3

516 1759 640 1802 postea
668 1758 849 1791 venerunt
878 1754 1034 1789 maiores
1060 1754 1160 1789 luces
1188 1754 1222 1788 in
1251 1757 1415 1800 tempore
1437 1755 1576 1801 gratiae,
1595 1755 1690 1790 scili-

517 1819 573 1852 cet
604 1816 683 1851 libri
715 1814 1034 1861 evangelistarum.
1068 1814 1126 1848 Isti
1148 1809 1182 1858 &sl
1216 1814 1297 1849 dico
1338 1818 1536 1860 venerunt,
1567 1816 1691 1860 pescia

517 1878 591 1911 elz’z'
613 1877 697 1921 fiori
715 1887 731 1910 e
750 1877 770 1910 l'
785 1877 873 1909 altre
891 1876 1024 1919 sresclze
1047 1874 1182 1916 erbam,
1207 1874 1340 1919 quibus
1363 1879 1442 1910 erat
1464 1876 1570 1920 plena
1590 1879 1689 1911 terra

517 1939 654 1980 sancta,
683 1935 747 1980 ibi:
773 1936 834 1980 sm·
858 1936 966 1979 liberi,
997 1944 1062 1980 pro
1090 1934 1243 1979 liberati,
1265 1936 1312 1970 da
1339 1937 1446 1979 quelle
1471 1938 1564 1979 ‚clenti
1583 1937 1687 1980 electe,

519 1996 619 2041 idest,
642 1995 688 2031 ab
708 1995 772 2030 illis
800 1994 923 2041 viginti
948 1998 1118 2039 quatuor,
1139 2005 1161 2028 α
1187 1995 1346 2038 rz'mpetlo
1364 1996 1400 2029 cli
1426 2006 1490 2038 me,
1516 1990 1690 2039 contra(⁶)

520 2055 646 2090 facien)
669 2066 801 2099 meam,
818 2056 1001 2089 dall'allra
1020 2055 1169 2098 sponda,
1191 2054 1290 2098 idest,
1307 2054 1341 2088 in
1362 2054 1525 2090 ulteriori
1548 2055 1623 2100 ripa
1643 2050 1693 2100 (⁷),

581 2140 607 2170 (³)
626 2141 654 2164 E.
673 2141 769 2170 incipit.
1085 2139 1110 2168 ξ’)
1129 2140 1159 2163 Ε.
1177 2147 1190 2163 a
1208 2140 1336 2163 clamante
1354 2141 1387 2163 in.

581 2179 606 2208 (¹)
624 2179 652 2202 Ε.
671 2179 752 2202 Lucas
764 2187 776 2201 a
790 2179 922 2205 sacrificio.
941 2179 997 2202 ideo
1014 2179 1090 2202 hahet
1109 2178 1198 2202 faciem
1218 2178 1298 2202 vituli.
1312 2179 1423 2202 loannes
1434 2179 1519 2209 incipit
1535 2186 1548 2202 a
1561 2179 1693 2203 divinitate

521 2217 590 2241 verbi
609 2217 663 2245 Dei,
682 2217 737 2239 idco
756 2217 830 2240 habet
849 2217 939 2240 faciem
958 2216 1058 2247 aquilai,
1077 2218 1135 2247 qnia
1154 2224 1226 2240 moro
1244 2217 1311 2240 illius
1328 2217 1409 2240 infixit
1426 2217 1516 2240 oculos
1534 2218 1558 2240 iu
1576 2217 1666 2240 solem.

584 2255 609 2283 (⁴)
627 2255 656 2278 E.
675 2255 833 2278 intentiores.
1085 2254 1110 2282 (⁵)
1130 2255 1157 2277 E.
1176 2255 1225 2277 lsla
1242 2255 1308 2278 dico.

585 2293 610 2321 (θ)
629 2293 658 2316 E.
675 2293 737 2316 idest
756 2296 853 2316 contra.
1086 2292 1112 2321 (Ἴ)
1133 2294 1184 2320 ¹¹7.
1203 2293 1258 2323 ripa
1276 2293 1397 2322 fluminis,
1414 2293 1481 2324 quia.
