1766 2856
536 230 603 261 192
893 234 1095 260 COMENTUM
1122 233 1340 259 PcRGATonn

531 308 624 343 bene
651 317 716 353 per
741 306 958 351 distantiam,
987 307 1115 350 qnand’
1129 307 1163 340 io
1189 305 1263 340 ebbi
1298 306 1347 339 tal
1374 309 1478 350 posta
1505 308 1602 341 dalla
1629 308 1699 342 mia

531 369 622 410 riva,
651 367 796 410 scilicet,
823 365 966 400 sinistra
993 375 1058 411 per
1085 375 1195 410 quam
1225 364 1334 410 ibam,
1361 366 1419 400 che
1444 367 1519 400 solo
1548 368 1574 401 il
1598 367 1701 411 fiante

532 429 579 461 mi
600 430 703 472 facea
729 428 888 468 distante,
916 425 962 460 ab
990 425 1056 460 illis
1082 425 1321 460 venientibus.
1343 425 1427 460 Vult
1453 425 1585 471 dicere,
1606 426 1702 472 quod

531 497 616 522 eum
645 486 719 532 ipse
745 486 815 521 iret
843 485 956 530 tarde,
982 489 1018 521 et
1045 485 1261 521 candelabra
1296 485 1463 521 venirent
1493 486 1529 521 in
1560 486 1703 532 opposi-

532 551 610 581 tum
639 546 777 581 tardius
796 556 851 591 eo,
872 545 1016 581 tandem
1037 545 1152 580 sactus
1180 545 1227 580 ita
1255 545 1480 591 propinquus
1503 546 1581 591 illis,
1604 546 1700 591 quod

532 607 617 642 nihil
645 610 723 642 erat
751 606 910 641 medium
933 606 996 640 nisi
1017 606 1165 650 flumen,
1195 605 1350 640 firmavit
1375 609 1524 641 se.—E
1540 608 1619 641 vidi.
1640 606 1703 642 Hic

531 670 638 712 poeta
665 666 817 702 ostendit
839 665 924 711 quid
948 666 1075 701 viderit
1098 666 1214 700 sactus
1241 666 1290 701 sic
1318 666 1528 712 dispositus,
1547 670 1583 703 et
1609 667 1702 711 dicit,

532 726 629 772 quod
657 726 742 761 vidit
770 725 972 760 mirabilem
1002 725 1252 770 operationem
1286 725 1432 761 illorum
1465 727 1703 762 candelabro-

532 796 628 830 rum,
645 796 727 830 quae
742 785 777 820 in
792 785 945 819 transitu
961 794 1028 819 suo
1045 788 1160 819 totum
1180 794 1305 820 aerem
1322 786 1576 830 relinquebant
1593 787 1702 822 ador—

532 850 658 880 natum
688 845 796 879 variis
824 844 1017 879 coloribus.
1046 844 1147 879 Unde
1173 844 1276 879 dicit:
1300 847 1332 879 E
1358 847 1425 880 cidi
1453 847 1483 880 le
1505 847 1701 890 fiammelle,

530 905 631 948 idest,
651 903 869 939 candelabra
889 903 1124 948 flammantia,
1144 906 1263 939 anclar
1281 906 1444 949 clavante,
1463 906 1564 951 idest,
1584 909 1703 942 trans—

532 965 584 999 ire
615 968 699 999 ante
733 974 793 999 me
827 967 860 999 et
889 964 985 999 ultra
1013 974 1083 1009 me,
1112 965 1197 1009 quia
1228 975 1297 1010 ego
1328 966 1480 1011 stabam,
1508 970 1544 1001 et
1571 966 1703 1002 cande-

531 1025 631 1060 labra
659 1024 832 1060 continuo
860 1024 969 1068 ibant,
996 1025 1177 1059 [asciando
1197 1025 1308 1059 clielro
1334 1036 1356 1060 α
1382 1037 1418 1060 se
1444 1027 1465 1060 l'
1477 1036 1540 1061 aer
1557 1027 1702 1071 (ἰὶρίηίο,

530 1085 675 1129 scilicet,
703 1087 841 1130 septem
870 1084 993 1119 caudis
1021 1084 1290 1129 splendentibus
1308 1085 1343 1120 in
1363 1086 1511 1121 modum
1541 1089 1703 1122 cometa-

532 1156 614 1180 rum
636 1144 914 1191 procedentibus
941 1154 961 1179 a
989 1145 1080 1179 coelo
1106 1155 1127 1180 a
1151 1145 1283 1190 Spiritu
1303 1149 1446 1191 sancto,
1467 1150 1503 1182 et
1521 1146 1701 1192 specificat

530 1206 686 1240 sormam
714 1215 857 1249 eorum,
884 1204 1023 1239 dicens:
1048 1215 1065 1238 e
1091 1215 1191 1248 acea,
1211 1205 1269 1240 ille
1290 1216 1354 1241 aer
1372 1206 1499 1251 pictus,
1518 1206 1703 1241 sembianle

530 1267 566 1300 [It
578 1266 730 1309 pennellc'
748 1265 856 1307 (rolli,
875 1274 896 1299 a
912 1264 1120 1309 pictoribus.
1142 1265 1184 1299 Et
1202 1275 1287 1300 ecce
1306 1266 1510 1310 quomodo:
1530 1262 1559 1301 si.
1576 1267 1701 1309 clz’elli,

530 1325 674 1369 scilicet,
702 1335 777 1369 aer,
814 1325 973 1358 ra'manea
1000 1325 1138 1359 clislc'nlo
1168 1335 1289 1368 sopra,
1325 1336 1442 1370 usque
1473 1325 1517 1360 ad
1553 1326 1701 1370 coelum,

529 1386 566 1419 (Ιῖ
590 1388 669 1419 secte
696 1386 780 1427 lisze,
809 1384 908 1428 idest,
937 1383 1048 1419 lineis.
1076 1384 1197 1419 Lineae
1230 1384 1307 1419 istae
1340 1388 1424 1420 sunt
1451 1384 1540 1420 radii
1567 1385 1702 1431 gratia—

530 1456 613 1480 rum
648 1445 801 1490 Spiritus
834 1444 945 1479 sancti
980 1448 1199 1480 exornantes
1234 1445 1507 1481 universitatem
1540 1445 1701 1481 ecclesiae

529 1504 709 1539 nobilibus
735 1504 928 1548 coloribus,
955 1504 1081 1548 quales
1109 1508 1191 1539 sunt
1220 1504 1266 1539 illi
1295 1516 1387 1550 quos
1406 1505 1489 1540 facit
1507 1506 1558 1541 sol
1580 1505 1616 1540 in
1635 1515 1702 1540 suo

528 1575 629 1609 arcu,
657 1567 693 1598 et
725 1564 810 1599 luna
845 1564 879 1598 in
911 1574 978 1598 suo
1012 1564 1167 1608 circulo,
1202 1565 1297 1599 unde
1328 1565 1427 1600 dicit:
1457 1570 1548 1609 little,
1580 1562 1699 1609 illaad)

528 1624 628 1667 listae,
652 1625 687 1658 ἱη
714 1625 790 1667 quei
815 1625 936 1667 colori,
961 1623 1090 1658 talibus
1117 1627 1150 1658 et
1180 1628 1253 1658 tam
1276 1625 1395 1669 variis,
1413 1627 1514 1669 oncle,
1536 1625 1636 1671 idest,
1656 1635 1699 1661 ex

532 1683 666 1729 quibus
692 1683 887 1727 coloribus,
910 1684 935 1717 il
950 1684 1004 1717 sol
1018 1684 1057 1727 fa
1077 1684 1097 1717 Γ
1114 1694 1212 1726 arco,
1231 1684 1377 1729 scilicet,
1406 1684 1545 1729 iridem,
1564 1685 1609 1720 de
1628 1695 1701 1730 quo

530 1743 667 1778 dictum
688 1747 741 1778 est
760 1754 881 1788 supra,
902 1743 1059 1788 capitulo
1080 1743 1174 1777 XXV
1194 1743 1412 1789 Purgatorii,
1431 1756 1449 1778 e
1466 1747 1580 1788 Delia,
1600 1745 1700 1790 idest,

528 1804 615 1838 luna
642 1803 692 1838 sic
718 1803 811 1839 dicta
838 1814 859 1838 a
887 1803 975 1838 Delo
1012 1803 1138 1847 insula,
1168 1805 1192 1838 il
1216 1805 1318 1847 cilico,
1347 1804 1447 1849 idest,
1471 1805 1553 1840 facit
1580 1805 1701 1841 circu—

528 1864 604 1898 lum
632 1863 728 1898 eirca
755 1874 793 1899 se
821 1874 885 1909 per
913 1863 1092 1898 modicam
1121 1863 1340 1909 distantiam,
1363 1864 1423 1909 qni
1450 1864 1608 1900 circulus
1636 1875 1701 1901 vo-

528 1928 634 1959 catur
656 1924 738 1959 halo
753 1924 797 1959 de
818 1934 891 1969 quo
913 1924 1054 1959 (licetur
1069 1923 1226 1958 Paradisi
1243 1924 1400 1969 capitulo
1416 1925 1438 1958 l.
1459 1925 1501 1959 Et
1522 1925 1577 1961 hic
1600 1928 1700 1971 potes

529 1984 754 2029 perpendere
769 1984 866 2029 quod
883 1983 1028 2029 proprie
1042 1987 1146 2028 poeta
1164 1983 1337 2018 assimilat
1352 1983 1417 2018 ista
1433 1987 1570 2028 septem
1587 1984 1700 2020 linea-

529 2047 649 2079 menta
677 2044 821 2079 duobus
849 2044 989 2090 magnis
1017 2043 1257 2078 luminaribus
1285 2043 1379 2088 coeli,
1408 2044 1541 2079 scilicet
1572 2044 1636 2079 soli
1664 2048 1700 2080 et

528 2106 637 2149 lunae,
665 2103 737 2139 imo
765 2108 906 2149 poterat
933 2104 1133 2139 assimilare
1159 2107 1296 2149 septem
1326 2104 1485 2149 planetis.
1512 2104 1553 2138 Et
1580 2104 1699 2139 subdit

529 2165 778 2201 excellentiam
802 2165 953 2200 istorum
975 2165 1294 2218 lineamentorum,
1313 2164 1451 2199 dicens:
1475 2166 1582 2208 questi
1606 2167 1697 2199 sten—

590 2294 613 2321 q',
635 2294 662 2316 1⁴3.
681 2294 776 2317 scilicet
795 2294 853 2317 illm.
