1766 2856
514 252 583 283 320
910 257 1112 283 COMENTUM
1141 258 1306 283 PARADlsl

513 342 602 366 num
630 334 665 367 et
693 330 897 365 maximum
926 330 1064 365 lumen.
1092 329 1194 366 Unde
1214 330 1314 366 dicit:
1343 331 1484 375 qnando
1512 332 1547 365 la
1574 334 1692 374 raom,

512 391 612 435 idest,
642 401 748 436 spera
767 390 860 435 coeli,
881 389 978 435 quod
1007 393 1045 425 tu
1062 386 1097 434 (³)
1127 389 1348 426 aeternaliter
1376 394 1412 426 et
1438 400 1584 437 semper
1612 401 1693 426 mo-

512 463 574 487 ves
601 455 636 487 et
663 451 770 498 regis,
791 454 842 495 tu,
863 450 953 496 dico,
973 451 1182 496 desiderato,
1204 462 1225 486 a
1253 450 1385 486 sanctis
1413 454 1449 487 et
1477 451 1611 497 beatis;
1636 451 1693 487 vel

510 512 566 547 dic
594 511 734 557 melius,
764 511 862 557 quod
885 511 1048 556 loquitur
1070 511 1228 558 physice,
1249 511 1396 556 scilicet,
1412 511 1510 557 quod
1529 512 1690 558 primum

511 583 662 608 movens
699 575 823 608 movet
859 575 1050 617 tamquam
1084 575 1251 608 amatum
1285 576 1322 608 et
1354 572 1615 618 desideratum,
1644 574 1691 608 mi

507 636 579 679 fece
605 636 724 676 (illest),
744 632 845 677 idest,
865 635 1059 677 attentum,
1088 642 1110 666 α
1136 631 1185 676 se‘,
1213 632 1314 678 idest,
1339 632 1384 668 ad
1411 632 1525 678 ipsam
1556 636 1691 679 rotam,

510 697 545 730 et
572 703 658 729 ecce
685 691 890 738 quomodo:
923 703 988 727 con
1024 693 1044 727 l’
1060 693 1240 735 armonia,
1267 692 1369 738 idest,
1404 692 1573 738 melodia,
1608 702 1691 738 quae

510 757 685 789 causatur
712 764 732 788 a
760 756 864 788 motu
891 752 984 797 coeli,
1013 753 1071 787 che
1097 754 1241 797 temperi
1272 763 1290 787 e
1320 754 1485 797 discerni,
1513 753 1606 789 inter
1642 756 1693 789 tot.

509 824 633 860 speras
662 813 823 849 diversas
851 813 1179 859 correspondentes
1206 813 1252 849 ad
1278 823 1318 849 se
1344 813 1511 849 invicem.
1537 814 1598 849 Est
1624 824 1693 850 au-

510 877 583 910 tem
615 874 671 909 hic
699 873 901 909 notandum
928 873 1201 919 delectabiliter,
1222 873 1320 919 quod
1341 873 1435 909 ultra
1458 883 1502 909 ea
1520 884 1604 919 quae
1624 874 1693 909 mi-

510 934 636 970 rabilia
664 934 789 980 scripsi
817 934 1025 980 Purgatorii
1053 933 1212 980 capitulo
1238 935 1266 969 ΙΙ
1293 934 1338 970 de
1365 934 1524 980 potentia
1550 938 1585 970 et
1612 935 1692 971 effi—

509 993 610 1029 cacia
647 994 795 1030 musicae
824 994 859 1029 in
892 994 1032 1030 bonum
1064 998 1099 1030 et
1133 995 1168 1030 in
1201 995 1353 1040 malum,
1380 995 1525 1031 maiora
1555 998 1692 1031 restant

510 1053 673 1090 dicenda.
703 1054 837 1090 Musica
865 1053 962 1090 enim
990 1054 1123 1090 dicitur
1150 1065 1229 1090 esse
1264 1055 1300 1090 in
1336 1065 1468 1091 novem
1504 1055 1692 1092 ordinibus

512 1115 744 1161 angelorum,
765 1114 827 1160 qui
849 1117 998 1150 cantare
1018 1125 1090 1150 non
1109 1119 1251 1151 cessant
1270 1115 1306 1150 in
1326 1126 1459 1151 novem
1480 1116 1595 1162 speris
1614 1126 1691 1152 coe-

512 1176 646 1220 lorum,
663 1185 746 1221 quae
761 1179 864 1211 motu
881 1186 948 1210 suo
964 1175 1102 1210 faciunt
1121 1175 1326 1211 mirabilem
1348 1175 1591 1212 harmoniam.
1614 1177 1694 1212 Mu-

513 1235 585 1271 sica
614 1238 738 1271 movet
765 1238 801 1271 et
827 1235 982 1271 delectat
1013 1235 1136 1271 omnia
1170 1235 1364 1271 animalia:
1393 1235 1561 1272 videmus
1592 1236 1690 1272 enim

511 1294 557 1330 de
587 1295 681 1331 facto
717 1295 814 1340 quod
851 1294 937 1341 equi
974 1295 1091 1342 magis
1129 1295 1383 1331 accenduntur
1418 1299 1454 1331 et
1485 1296 1692 1333 exultantes

515 1354 606 1390 fiunt
632 1355 872 1391 animosiores
900 1354 936 1390 in
963 1355 1100 1401 proeliis
1131 1355 1319 1391 audientes
1349 1365 1483 1391 sonum
1515 1356 1689 1391 tubarum

511 1419 547 1451 et
573 1415 731 1451 aliorum
762 1416 1107 1451 instrumentorum.
1137 1415 1272 1451 Musica
1305 1415 1466 1451 maxime
1498 1419 1628 1463 regnat
1655 1415 1691 1451 in

510 1476 639 1511 avibus
667 1475 858 1520 nobilibus,
880 1478 921 1510 ut
948 1475 993 1511 de
1020 1486 1058 1511 se
1086 1478 1194 1521 patet.
1214 1475 1374 1511 Dulcedo
1402 1476 1512 1511 etiam
1541 1475 1690 1512 musicae

513 1536 628 1582 tangit
661 1536 786 1582 pisces,
815 1536 908 1571 sicut
949 1539 1122 1572 narratur
1161 1536 1207 1572 de
1245 1536 1413 1582 delphine
1444 1536 1598 1582 Arionis,
1627 1536 1691 1582 qui

512 1596 622 1631 Arion
652 1599 726 1631 tam
755 1595 970 1631 mirabiliter
996 1596 1156 1632 cantavit
1189 1606 1273 1631 cum
1302 1597 1379 1642 lyra
1411 1596 1447 1632 in
1482 1597 1566 1633 navi
1594 1596 1692 1642 quod

510 1655 654 1701 delphin
682 1655 832 1691 veniens
858 1655 903 1691 ad
930 1655 1075 1691 dulcem
1104 1666 1237 1691 sonum
1260 1656 1395 1702 recepit
1416 1666 1503 1691 eum
1528 1657 1565 1692 in
1584 1659 1689 1703 tergo

511 1726 578 1751 sno
606 1719 642 1751 et
668 1715 891 1750 incolumem
920 1715 1076 1761 portavit
1104 1716 1148 1751 ad
1178 1716 1272 1761 litus,
1291 1716 1386 1752 sicut
1405 1720 1557 1752 narrant
1586 1716 1691 1751 multi

511 1786 584 1811 non
612 1776 731 1811 solum
751 1778 880 1822 poetae,
903 1775 965 1811 sed
984 1775 1094 1812 etiam
1117 1776 1407 1823 historiographi,
1428 1777 1520 1813 sicut
1542 1777 1691 1813 Ovidius

511 1835 601 1871 libro
629 1835 834 1881 Fastorum,
863 1835 1089 1882 Augustinus
1120 1836 1156 1872 in
1189 1836 1234 1873 de
1270 1837 1421 1873 Civitate
1449 1837 1525 1883 Dei,
1553 1837 1691 1873 Tullius

511 1900 547 1933 et
580 1897 784 1932 Herodotus
820 1907 975 1942 magnus
1013 1896 1187 1944 magister
1223 1908 1355 1945 graecae
1396 1898 1565 1934 historiae.
1598 1898 1690 1941 Quid

511 1968 600 2004 ergo
621 1957 800 1993 miramur
819 1957 847 1992 si
868 1957 1006 1993 musica
1021 1957 1231 1994 dominatur
1251 1958 1285 1993 in
1304 1958 1513 1994 hominibus
1529 1962 1565 1994 et
1582 1969 1691 1994 exer-

510 2022 615 2054 cetur
643 2018 678 2053 in
704 2018 857 2053 divinis?
884 2018 1011 2054 Nonne
1027 2014 1062 2062 (²)
1084 2018 1119 2053 in
1146 2018 1205 2054 illo
1238 2019 1373 2064 templo
1401 2018 1560 2054 mirabili
1588 2018 1691 2054 Salo-

511 2078 639 2123 monis,
663 2078 759 2123 quod
780 2078 958 2113 Dominus
977 2077 1042 2113 sibi
1062 2077 1231 2114 aedificari
1252 2077 1333 2113 fecit
1355 2081 1455 2113 tanto
1484 2081 1633 2124 sumptu
1654 2081 1690 2113 et

512 2141 688 2184 tempore,
705 2148 850 2184 semper
870 2138 1025 2180 suerunt=
1040 2138 1245 2174 sacerdotes
1263 2137 1490 2174 celebrantes
1511 2138 1688 2174 solemnia

511 2208 595 2233 cum
633 2199 855 2243 cantoribus,
887 2199 1045 2243 citharis,
1080 2198 1237 2245 organis⁷
1266 2201 1301 2234 et
1334 2198 1411 2233 aliis
1447 2198 1595 2235 musicis
1633 2199 1689 2234 in-

574 2328 601 2357 st)
620 2328 648 2352 E.
669 2332 695 2352 lu
714 2329 782 2352 licus
799 2329 964 2353 :rici-naliter.
1219 2329 1245 2359 l⁷)
1263 2330 1292 2353 Ε.
1311 2330 1421 2354 Numne.
