1766 2856
519 275 589 308 388
912 279 1116 304 COMENTUM
1144 279 1310 304 rAimnisi

515 356 604 391 dens
631 365 669 390 se
688 353 934 399 propinquum
958 351 1065 386 morti
1085 351 1268 387 commisit
1287 351 1358 387 filio
1374 347 1410 395 (¹)
1429 351 1550 387 Tobiae
1570 354 1609 386 ut
1628 351 1696 386 iret.

515 417 550 451 in
579 417 698 461 Rages
725 413 910 448 civitatem
932 411 1126 447 medorum
1156 412 1201 447 ad
1229 412 1450 459 exigendum
1470 416 1613 448 certum
1633 412 1698 448 de-

514 476 631 511 bitum
659 485 680 510 a
707 473 868 519 quodam
897 472 1058 517 hebraeo,
1077 472 1136 507 cui
1164 483 1299 508 nomen
1328 475 1407 508 erat
1433 472 1603 508 Gabelus.
1624 472 1698 507 An-

514 536 618 583 gelus
638 538 765 569 autem
784 533 945 579 Raphael
966 533 1000 567 in
1021 533 1136 568 forma
1160 533 1276 579 pulcri
1293 528 1329 577 (²)
1347 533 1495 579 juvenis
1516 543 1695 579 apparens

514 595 664 632 sociavit
691 595 801 630 istum
825 594 1002 640 juvenem
1024 593 1197 639 fideliter3
1217 598 1254 629 et
1276 594 1312 628 in
1333 593 1462 629 itinere
1483 593 1587 629 duxit
1608 603 1695 629 eum

514 657 558 692 ad
581 656 733 691 domum
754 654 943 690 cuiusdam
965 654 1136 700 Raguelis
1158 654 1222 689 viri
1244 654 1380 689 hebraei
1400 654 1565 690 habentis
1584 653 1692 689 filiam

517 716 663 752 nomine
685 716 826 759 Saram,
847 725 930 760 quie
958 715 1137 750 habuerat
1166 718 1304 760 septem
1329 715 1436 760 viros,
1457 725 1549 760 quos
1568 724 1697 750 omnes

514 776 659 812 daemon
683 779 879 811 necaverat
899 774 1015 820 prima
1042 778 1158 810 nocte.
1180 775 1223 810 Et
1243 774 1324 810 fecit
1342 775 1496 821 angelus
1523 774 1695 820 Raphael‚

514 837 611 882 quod
640 836 780 882 Raguel
808 835 904 870 (ledit
932 834 1041 869 filiam
1076 835 1112 870 in
1145 845 1300 870 uxorem
1334 835 1455 870 Tobiae
1490 845 1575 870 cum
1612 834 1695 869 dote

515 906 668 942 magna;
697 895 826 931 deinde
852 895 974 942 exegit
1001 895 1164 930 debitum
1192 905 1212 930 a
1240 895 1389 940 GabeIo,
1412 898 1448 930 et
1471 894 1616 930 reduxit
1633 894 1696 940 ju-

514 967 645 992 venem
666 959 865 991 uxoratum
894 961 930 992 et
953 956 1108 991 (litatum
1129 956 1299 1002 sospitem
1320 955 1365 991 ad
1384 959 1539 1002 patrem.
1559 955 1602 990 Et
1620 954 1696 1000 ipse

512 1017 642 1052 Tobias
669 1016 763 1051 filius
790 1016 928 1063 fugavit
955 1016 1156 1052 caecitatem
1184 1027 1206 1052 a
1233 1019 1336 1062 patre
1361 1026 1447 1051 cum
1475 1015 1557 1051 selle
1586 1014 1693 1049 unius

515 1077 630 1124 piscis,
653 1088 737 1112 cum
759 1088 833 1122 quo
854 1077 1045 1123 fugaverat
1063 1077 1270 1113 daemonem
1290 1078 1337 1113 ab
1357 1087 1484 1113 uxore.
1506 1077 1547 1111 Et
1565 1075 1694 1111 Tobias

514 1142 616 1184 pater
633 1137 720 1173 vixit
736 1137 796 1172 diu
813 1147 923 1172 sanus
937 1132 984 1181 (³),
1005 1140 1041 1172 et
1060 1137 1205 1173 tandem
1223 1141 1392 1173 mortuus
1411 1140 1465 1173 est
1484 1137 1566 1172 felix
1588 1136 1623 1171 in
1642 1135 1695 1171 ci-

513 1199 624 1233 vitate
651 1197 789 1243 Ninive⁷
818 1201 853 1233 et
881 1197 1047 1243 pra-dixit
1066 1197 1101 1232 in
1120 1201 1241 1233 morte
1259 1197 1543 1233 destructionem
1566 1196 1694 1231 Ninive

513 1263 548 1294 et
578 1259 826 1295 reversionem
861 1258 1095 1294 hebraeorum
1128 1258 1164 1293 in
1196 1262 1334 1294 terram
1364 1258 1693 1300 Domini—Quel.

512 1320 616 1355 Nunc
644 1319 790 1355 Beatrix
818 1323 986 1355 removet
1013 1329 1163 1354 causam
1193 1319 1330 1355 erroris
1358 1330 1378 1354 a
1407 1319 1534 1363 Dante,
1554 1321 1589 1354 et
1611 1318 1694 1353 dicit

513 1380 673 1415 breviter
700 1379 798 1425 quod
819 1390 891 1415 non
911 1382 965 1415 est
984 1379 1101 1414 simile
1120 1379 1165 1414 de
1184 1379 1362 1415 sententia
1382 1379 1539 1415 Platonis
1561 1378 1606 1414 ad
1628 1388 1695 1424 ap-

513 1441 728 1487 paritionem
758 1440 992 1485 umbrarum,
1012 1440 1098 1485 quia
1119 1439 1197 1475 talis
1218 1439 1396 1486 apparitio
1416 1439 1497 1475 licta
1524 1443 1578 1475 est
1604 1449 1694 1485 poe—

512 1501 580 1537 tice
607 1501 652 1536 ad
681 1500 1019 1546 repraesentandum
1054 1500 1320 1536 distinctionem
1355 1500 1578 1545 animarum,
1610 1509 1693 1544 quae

512 1561 702 1596 solvantur
729 1561 796 1595 sub
819 1561 919 1595 varia
939 1560 1173 1596 inclinatione
1192 1561 1434 1606 planetarum.
1454 1560 1582 1606 Opinio
1605 1570 1694 1596 vero

515 1621 671 1657 Platonis
698 1621 842 1656 videtur
870 1620 1081 1666 simpliciter
1108 1621 1202 1656 velle
1229 1621 1328 1665 quod
1355 1621 1487 1656 animae
1512 1621 1546 1655 in
1575 1624 1695 1656 morte

514 1684 748 1716 revertantur
775 1680 820 1715 ad
848 1680 968 1715 stellas
996 1690 1091 1715 suas.
1121 1680 1211 1715 Dicit
1239 1691 1348 1726 ergo:
1373 1682 1458 1723 Quel
1482 1682 1541 1715 clee
1566 1682 1693 1723 Timeo,

513 1742 614 1785 idest,
638 1741 779 1776 libellus
800 1740 969 1785 Platonis,
990 1751 1101 1785 quem
1122 1741 1223 1775 Plato
1242 1740 1437 1776 intitulavit
1464 1744 1499 1776 et
1526 1740 1693 1776 denomi—

513 1801 611 1837 navit
637 1801 683 1836 ab
710 1801 828 1836 amico
848 1811 915 1835 sno
931 1794 978 1844 ffl.
1000 1801 1081 1835 Fuit
1100 1800 1197 1836 enim
1218 1801 1377 1836 Timaeus
1395 1800 1440 1836 de
1459 1800 1605 1836 civitate
1623 1801 1694 1836 Lo-

511 1872 676 1906 crorum,
704 1872 787 1906 quae
816 1861 881 1895 suit
908 1861 993 1895 olim
1023 1861 1277 1896 florentissima
1296 1861 1423 1896 civitas
1442 1861 1629 1897 Calabriae.
1650 1860 1693 1895 Et

512 1923 568 1958 hic
595 1922 753 1957 Timaeus
779 1921 935 1956 obtinuit
961 1931 1084 1956 arcem
1103 1916 1138 1965 (ὅ)
1161 1921 1345 1967 sapientiae
1366 1931 1411 1957 eo
1434 1924 1599 1967 tempore
1617 1930 1691 1966 quo

512 1982 610 2018 venit
638 1982 737 2017 Plato
765 1981 799 2016 in
827 1981 979 2026 Italiam7
1009 1985 1047 2015 nt
1075 1981 1198 2016 scribit
1230 1982 1331 2017 Plato
1359 1982 1392 2016 in
1426 1981 1521 2017 dicto
1552 1981 1689 2025 libello;

512 2044 588 2077 ‹lell’
605 2044 719 2077 (milne
738 2046 959 2085 (zryomeula,
980 2041 1080 2086 idest,
1100 2041 1223 2088 arguit
1249 2041 1294 2077 de
1322 2041 1532 2077 reversione
1558 2041 1690 2076 animae

511 2103 555 2138 ad
583 2104 714 2147 stellas,
734 2114 803 2137 non
831 2099 850 2137 e*
873 2104 982 2137 simile
1008 2113 1031 2137 α
1058 2098 1109 2137 cic)
1137 2103 1196 2137 elce
1215 2103 1274 2146 qni
1290 2103 1320 2136 si
1343 2103 1436 2145 cede,
1455 2101 1523 2136 sub
1546 2101 1689 2146 uiiibi'a,

508 2162 689 2208 perocvlw‘,
717 2174 811 2198 come
837 2165 924 2204 (lice,
948 2173 1022 2208 par
1046 2164 1104 2198 che
1129 2167 1240 2206 senta,
1268 2162 1371 2208 quasi
1403 2162 1516 2198 dicat:
1546 2162 1691 2198 videtur

512 2224 609 2268 quod
636 2224 813 2259 sententia
841 2224 999 2259 Platonis
1026 2224 1069 2258 sit
1098 2223 1177 2259 talis
1203 2223 1248 2258 (le
1276 2223 1411 2258 virtute
1438 2223 1691 2258 sermonis.—

574 2316 599 2344 (¹)
620 2320 641 2343 l.
660 2317 713 2340 lilio
731 2324 776 2339 suo
795 2318 891 2341 Tolum.
1004 2318 1029 2346 (²)
1048 2321 1069 2345 4,
1090 2317 1250 2348 pulcer-rimi.
1365 2316 1390 2345 (⁸)
1409 2317 1438 2340 E.
1457 2319 1568 2340 sanctus.

575 2355 601 2384 (¹)
619 2355 648 2378 E.
667 2362 713 2378 suo
731 2356 829 2378 'sima-o
845 2356 889 2385 qui
908 2355 955 2378 suit
972 2356 1002 2378 dc
1021 2357 1131 2380 civitate.
1362 2356 1389 2384 (³)
1407 2358 1429 2382 4.
1447 2358 1530 2378 artem
1548 2354 1687 2385 sapientia».
