1766 2856
532 240 602 271 208
895 244 1097 270 COMENTUM
1124 244 1343 270 PURGATonn

530 317 566 353 in
594 318 672 354 eius
699 318 888 353 honorem.
918 316 1020 352 Unde
1050 316 1152 352 dicit:
1192 318 1280 351 Teettt'
1313 317 1476 352 dicevan:
1506 319 1707 354 Benedictus

531 379 589 422 qui
615 379 709 412 venis
735 377 771 411 in
790 376 938 412 nomine
960 376 1103 412 Domini
1123 380 1190 412 etc.
1212 377 1254 411 Et
1272 376 1373 412 dicit:
1393 388 1411 411 e
1429 379 1587 421 yillando
1609 379 1705 423 fiori,

531 437 578 472 illi
607 437 737 483 angeli,
766 439 903 482 repete,
929 436 1108 481 dicebant,
1145 447 1166 471 ο
1192 438 1271 471 <lace
1302 438 1373 471 lilia
1401 438 1512 482 plenis
1539 439 1706 474 manibus.

529 496 580 532 Ad
609 496 714 532 cuius
741 497 855 533 literae
874 497 1148 543 intelligentiam
1168 496 1278 532 debes
1297 497 1390 532 scire
1409 498 1507 542 quod
1526 498 1618 534 sicut
1640 499 1708 534 fin—

529 557 581 603 git
608 556 778 603 Virgilius
805 557 849 592 Vl
876 557 1042 601 Eneidos,
1070 557 1186 593 Eneas
1205 557 1336 593 ductus
1363 557 1408 593 ad
1435 558 1619 594 infernum
1642 569 1708 605 per

531 616 703 663 Syhillam
738 617 886 662 reperiit
926 617 962 651 in
1000 617 1080 652 loco
1112 627 1260 652 amoeno
1302 617 1468 652 virorum
1510 618 1706 654 illustrium

530 676 722 712 Anchisem
751 680 892 722 patrem
921 687 1043 721 suum,
1067 676 1130 721 qui
1150 676 1243 712 inter
1270 677 1340 712 alia
1367 678 1523 713 ostendit
1543 678 1608 714 sibi
1628 679 1708 714 ani-

530 747 609 772 mas
636 737 801 772 virorum
831 737 1025 771 illustrium
1060 746 1313 782 romanorum,
1342 737 1403 782 qui
1431 738 1611 774 dehebant
1644 739 1708 775 de-

529 799 705 834 scendere
732 799 767 833 in
794 808 932 844 genere
959 808 1037 842 suo,
1066 798 1160 833 inter
1192 809 1284 843 quos
1311 799 1467 834 ostendit
1482 795 1519 843 (¹)
1546 799 1707 834 animam

529 859 724 905 gloriosam
753 858 909 893 Marcelli
938 858 1077 903 nepotis
1104 859 1258 905 Augusti
1290 869 1335 894 ex
1362 869 1501 905 sorore,
1530 859 1591 905 qui
1618 859 1707 895 ado-

529 918 751 953 lescentulus
767 918 870 953 mirae
885 917 1013 953 indolis
1027 918 1198 953 omnihus
1213 922 1340 965 gratus
1355 922 1391 954 et
1405 919 1557 955 dilectus
1573 919 1706 955 acerba

530 980 649 1012 morte
676 981 801 1023 raptus
828 982 882 1013 est
909 977 944 1012 in
971 977 1047 1024 ipso
1075 978 1165 1013 flore
1192 979 1317 1014 aetatis.
1343 979 1446 1014 Modo
1473 979 1517 1014 ad
1544 979 1708 1025 proposi-

529 1040 607 1071 tum
624 1037 795 1073 Anchises
814 1037 896 1073 fecit
915 1048 1089 1084 magnam
1109 1038 1464 1074 commendationem
1486 1050 1595 1085 supra
1612 1040 1708 1075 Mar—

528 1097 675 1142 cellum,
704 1101 740 1132 et
767 1097 892 1133 volens
919 1097 1040 1133 facere
1060 1098 1206 1143 festum,
1225 1098 1332 1133 dixit:
1358 1101 1405 1133 Tic
1427 1101 1610 1134 Marcellus
1637 1101 1706 1134 eris

530 1158 687 1192 mam'bus
718 1158 797 1192 date
828 1158 900 1193 lilia
929 1159 1066 1203 [πρηέες
1100 1159 1203 1203 quasi
1235 1158 1390 1194 diceret:
1424 1159 1507 1195 date
1542 1159 1627 1194 mihi
1662 1159 1708 1195 de

530 1218 680 1253 floribus
707 1217 742 1252 in
771 1228 904 1264 magna
931 1218 1034 1263 copia
1070 1222 1109 1253 ut
1142 1229 1354 1265 respergam
1377 1220 1554 1264 Juvenem
1583 1220 1704 1255 istum.

529 1278 568 1313 In
595 1279 663 1313 hoc
689 1282 814 1314 autem
846 1278 1014 1325 Virgilius
1033 1279 1217 1324 applaudit
1235 1279 1412 1326 Augusto,
1432 1280 1529 1325 quod
1545 1275 1581 1324 (²)
1602 1280 1707 1315 nimis

529 1339 706 1374 dilexerat
734 1348 892 1384 puerum
920 1338 1051 1384 istum;
1081 1339 1177 1374 unde
1205 1350 1276 1375 non
1304 1340 1419 1385 potuit
1446 1340 1634 1376 continere
1653 1341 1707 1376 la—

528 1409 674 1445 crymas
700 1409 786 1434 cum
814 1398 984 1445 Virgilius
1003 1399 1038 1433 in
1059 1399 1270 1434 recitatione
1289 1399 1513 1445 pervenisset
1531 1400 1577 1435 ad
1596 1400 1705 1435 istum

528 1470 695 1504 passum3
711 1462 829 1494 mater
848 1458 958 1493 etiam
978 1459 1082 1503 pueri
1102 1470 1293 1504 nunquam
1312 1460 1424 1494 voluit
1440 1460 1604 1506 recipere
1619 1470 1707 1496 con-

526 1519 741 1554 solationem
771 1528 890 1563 usque
917 1518 961 1553 ad
982 1522 1160 1554 mortem:
1182 1519 1228 1554 ita
1250 1530 1346 1555 nunc
1366 1520 1401 1555 in
1420 1520 1604 1566 proposito
1622 1520 1706 1556 dicit

526 1583 632 1624 poeta
660 1578 759 1623 quod
787 1588 885 1613 nunc
912 1578 1030 1624 angeli
1059 1589 1145 1613 cum
1173 1583 1283 1614 cantu
1306 1583 1338 1615 el
1355 1580 1472 1625 jubilo
1499 1581 1706 1616 clamabant

524 1642 690 1684 petentes
719 1639 825 1673 ssores
853 1637 986 1683 quihus
1014 1643 1237 1674 exornarent
1264 1649 1429 1674 currum.
1455 1640 1497 1674 Et
1524 1640 1580 1675 hic
1608 1644 1703 1686 nota,

525 1699 651 1743 lector,
681 1698 779 1743 quod
807 1697 955 1743 quidam
989 1699 1168 1743 sapientes
1200 1699 1306 1734 aliter
1340 1702 1528 1745 exponunt
1560 1700 1702 1736 literam

528 1759 653 1794 istam:
687 1758 811 1793 dicunt
843 1758 939 1793 enim
975 1759 1072 1803 quod
1107 1759 1173 1794 ista
1206 1759 1416 1795 solemnitas
1448 1770 1581 1806 magna
1613 1761 1705 1796 sacta

529 1823 583 1855 est
610 1819 665 1853 hie
698 1829 763 1864 pro
798 1819 1037 1854 conversione
1070 1819 1230 1864 autoris;
1259 1819 1356 1855 unde
1383 1824 1571 1866 exponunt
1606 1821 1704 1867 illud⁷

529 1880 719 1913 benedictus
746 1880 804 1922 qui
830 1880 936 1923 υεηῖε,
967 1889 989 1914 o
1009 1882 1045 1914 tu
1067 1879 1220 1924 Dantes3
1240 1880 1302 1915 sed
1330 1880 1416 1915 mihi
1440 1880 1584 1916 videtur
1607 1881 1704 1926 quod

529 1940 632 1974 litera
660 1939 792 1974 haheat
805 1933 839 1983 (³2³
860 1939 1026 1974 altiorem
1048 1939 1271 1975 intellectum
1291 1940 1493 1975 secundum
1514 1941 1611 1985 quod
1626 1941 1703 1987 Jam

528 1999 701 2044 exposui3
730 2009 814 2034 nam
843 2002 948 2044 poeta
977 2000 1101 2034 volens
1128 2000 1249 2036 facere
1284 2000 1557 2035 venerationem
1587 2004 1622 2037 et
1649 2001 1704 2036 in-

528 2060 803 2106 vestigationem
832 2060 1005 2095 Beatricis
1033 2060 1162 2096 totiens
1195 2060 1259 2095 sibi
1288 2060 1475 2105 promissae
1502 2063 1537 2095 et
1565 2061 1702 2096 tamdiu

528 2123 740 2165 expectaue,
756 2120 838 2155 facit
854 2120 1159 2165 praeparationem
1179 2120 1223 2155 ad
1244 2121 1311 2155 hoc
1331 2120 1505 2156 inducens
1526 2131 1702 2168 magnum

529 2190 652 2215 senem
682 2179 744 2223 qui
773 2179 898 2214 invitat
925 2180 1127 2225 ecclesiam,
1155 2180 1297 2215 dicens:
1333 2182 1415 2215 Ῐίἰιὶ
1437 2191 1567 2225 sponsa
1586 2183 1628 2216 de
1646 2183 1704 2216 Li—

591 2272 615 2300 (']
636 2274 687 2300 117,
706 2272 815 2295 ostendit
833 2272 879 2295 sihi
898 2272 1018 2295 animam.
1161 2272 1188 2301 (⁴¹)
1206 2273 1235 2296 E.
1253 2273 1297 2303 qui
1316 2273 1398 2297 nimis.

591 2310 617 2338 (³)
635 2310 664 2333 E.
683 2310 772 2333 habeat
791 2310 927 2333 clariorem
945 2312 971 2333 et
988 2310 1114 2334 altiorem.
