1737 2836
325 230 462 255 CANTL'S
489 231 680 256 vmfismcs
706 230 899 256 SECUNDcs.
1150 222 1192 254 31

31 303 103 338 cles
129 301 327 347 denegaret
351 301 502 337 reddere
521 307 704 347 sceptrum
725 301 882 347 Polynici
903 304 1029 336 natum
1051 305 1102 336 est
1123 301 1198 336 bel-

31 362 106 398 lum
135 361 299 407 impium,
326 361 371 396 de
397 371 471 405 quo
497 361 632 396 dictum
662 365 717 396 est
742 361 873 396 Inferni
902 361 1058 406 capitulo
1087 360 1197 395 XXVI

31 425 66 457 et
90 421 172 456 alibi
200 431 305 466 saepe.
340 420 429 455 Dicit
456 430 544 466 ergo
573 424 698 465 poeta:
726 431 744 454 e
776 422 802 454 il
833 424 956 455 cancor
987 421 1038 455 de'
1058 421 1199 455 bucolici

30 483 153 525 carmi,
182 481 281 526 idest,
311 480 488 526 Virgilius,
517 479 578 524 qui
609 479 749 525 scripsit
778 480 997 524 Bucolicam,
1024 480 1198 515 inducens

32 541 150 576 varios
177 541 417 576 collocutores
444 539 511 574 sub
540 539 686 574 nomine
714 542 916 584 pastorum,
935 541 1038 583 disse,
1065 540 1198 575 Statio:

32 601 66 634 la
89 601 179 645 sede,
199 600 342 643 scilicet,
363 599 566 641 christiana7
589 609 698 633 senza
721 599 756 633 la
779 600 863 642 qual
879 599 940 633 ben
957 602 1019 643 sar
1041 610 1111 633 non
1138 600 1200 633 ba—

31 665 98 703 sta,
126 661 210 705 quia
238 660 324 694 falsa
352 659 466 693 virtus
494 662 545 694 est
573 659 681 694 etiam
704 659 739 692 in
760 658 905 703 optimis
938 659 1102 693 moribus
1124 659 1200 694 sine

33 719 113 765 fide,
140 730 209 754 non
233 730 304 764 par
329 720 387 754 che
420 721 444 753 ti
475 721 607 764 lacesse
643 729 753 753 ancer
783 720 904 763 fedele,
932 718 1076 762 scilicet,
1104 718 1201 753 chri-

33 779 201 824 stianum⁷
225 790 291 824 per
318 780 395 824 quel
419 780 477 813 che
507 780 578 813 Clio
609 775 630 813 li
663 782 765 822 ίαςία,
794 777 894 822 idest,
923 780 1101 822 quantum
1137 788 1199 822 po-

33 843 101 875 test
127 839 383 885 comprehendi
404 849 447 874 ex
469 850 557 873 sono
576 839 690 874 literae
710 835 737 881 ζ’,
762 837 912 883 poeticae
938 848 1020 882 quae
1040 838 1201 882 loquitur

33 903 173 935 tantum
201 899 246 935 cle
272 900 372 934 cultu
400 898 565 943 deorum.
600 899 675 933 Clio
707 898 802 933 enim
840 901 893 933 est
920 898 1037 943 prima
1070 908 1203 933 novem

34 969 237 1003 musarum,
265 969 348 1004 quae
375 961 428 993 est
455 958 521 993 dea
550 958 675 1004 gloriae
707 962 742 993 et
774 958 890 1001 famae‚
920 961 959 992 ut
986 957 1121 993 dictum
1150 961 1203 993 est

34 1019 151 1065 primo
185 1018 343 1064 capitulo
378 1018 593 1064 l'urgatorii‚
622 1019 762 1061 quando
795 1022 828 1052 lu
860 1019 1008 1052 cantasti
1039 1019 1067 1052 le
1099 1019 1204 1052 crude

35 1080 140 1121 armi,
167 1077 311 1122 scilicet,
341 1080 505 1112 mutuam
535 1077 683 1120 caedem,
711 1078 801 1111 della
829 1078 956 1121 cloppia
992 1079 1138 1111 trislizia
1170 1078 1207 1111 cli

38 1140 212 1181 Giocasta,
247 1137 346 1182 idest,
378 1137 537 1172 duorum
579 1136 735 1171 filiorum
767 1136 857 1180 eius,
885 1136 945 1181 qui
979 1146 1016 1172 se
1050 1137 1203 1171 invicem

34 1197 256 1234 occiderunt.
289 1197 331 1232 Et
364 1206 451 1232 vere
486 1207 618 1242 magna
654 1196 718 1231 fuit
752 1196 891 1231 tristitia
924 1197 1087 1240 Jocastae‚
1120 1206 1205 1231 nam

35 1261 236 1293 retractans
262 1257 420 1291 inaudita
450 1256 543 1291 mala
571 1266 653 1302 quae
679 1267 782 1302 passa
802 1256 919 1292 fuerat
942 1256 1132 1302 impatiens
1155 1259 1206 1291 tot

35 1317 203 1352 dolorum
233 1320 268 1353 et
296 1317 525 1352 miseriarum
554 1316 730 1351 transfixit
749 1316 812 1351 sibi
836 1316 1033 1361 praecordia
1053 1326 1097 1352 eo
1120 1326 1205 1352 ense

35 1387 109 1422 quo
139 1376 298 1422 OEdipus
329 1376 559 1411 interfecerat
591 1376 736 1420 Laium;
772 1376 840 1419 vel,
873 1375 1073 1411 secundum
1106 1376 1207 1420 alios,

36 1436 146 1471 vitam
175 1435 353 1471 infelicem
382 1436 514 1480 laqueo
542 1435 759 1471 terminavit.
784 1435 824 1470 Et
851 1444 895 1470 ex
926 1435 993 1470 hoc
1022 1435 1108 1480 petit
1128 1435 1207 1470 Yir-

36 1495 159 1542 gilius:
186 1506 222 1529 se
247 1492 316 1529 cos}
343 1494 372 1537 ε’,
392 1495 488 1540 quod
509 1495 620 1530 fueris
639 1494 788 1530 infidelis
809 1505 925 1539 usque
944 1495 988 1529 ad
1008 1495 1094 1529 illud
1115 1499 1209 1530 tem-

36 1565 114 1600 pus,
142 1555 226 1598 qual
258 1556 329 1589 sole
355 1565 376 1588 o
403 1556 485 1598 quui
509 1556 650 1589 candele
676 1556 702 1589 ti
726 1555 967 1597 stenebraron,
998 1554 1099 1598 idest7
1128 1554 1208 1598 quis

37 1613 189 1659 sapiens,
218 1613 273 1649 vel
302 1624 384 1658 quae
411 1614 489 1649 eius
516 1614 608 1649 dicta
638 1614 891 1649 illuminarunt
911 1618 945 1650 te
966 1614 1001 1649 in
1030 1618 1126 1649 tanta
1155 1617 1209 1649 te-

39 1673 150 1709 nebra
179 1673 416 1720 ignorantiae'?
442 1671 469 1708 si
496 1675 554 1708 che
581 1678 614 1709 [α
640 1675 812 1708 ἅνι’;;ας[ι’
833 1676 956 1719 poscia
983 1675 1012 1708 le
1042 1675 1122 1718 cele,
1144 1684 1209 1709 na-

39 1732 194 1779 vigando
220 1743 355 1778 aquam
392 1734 601 1777 salutarem,
630 1735 761 1768 direlro
794 1736 831 1769 al
855 1739 1029 1779 pescator,
1063 1734 1208 1778 scilicet,

40 1793 188 1828 beatum
207 1793 355 1828 Petrum
384 1793 580 1838 principem
610 1793 816 1829 fidei—El
839 1796 915 1838 egli.
937 1794 1000 1830 Hic
1022 1797 1126 1840 poeta
1147 1804 1210 1839 po-

41 1852 91 1887 nit
119 1852 388 1897 responsionem
417 1852 514 1887 Statii
542 1853 585 1887 ad
614 1853 821 1898 petitionem
839 1853 987 1899 Virgilii,
1009 1854 1149 1889 dicens:
1172 1856 1212 1888 El

40 1913 107 1955 eqli
132 1922 154 1945 α
181 1913 247 1956 Ιιιί,·
274 1912 411 1957 supple,
445 1912 588 1957 Statius,
618 1913 799 1958 respondit
832 1914 1000 1959 Virgilio:
1030 1918 1064 1948 lu
1090 1916 1210 1958 prima

42 1973 85 2006 m’
100 1973 238 2006 invias-ti
264 1982 364 2006 verso
392 1974 567 2016 Parnaso,
588 1972 632 2006 ad
651 1973 892 2017 poetandum:
913 1973 1093 2008 Parnasus
1113 1973 1209 2009 enim

42 2035 97 2067 est
123 2042 228 2067 mons
255 2032 515 2067 celeberrimus
542 2032 726 2067 dedicatus
750 2033 880 2077 poetis;
909 2043 931 2066 α
957 2033 1017 2067 ber
1043 2035 1129 2067 nelle
1154 2044 1213 2068 sue

43 2095 166 2135 gyrone,
194 2091 293 2137 idest,
321 2092 366 2127 ad
394 2092 635 2127 hauriendum
663 2091 708 2128 de
737 2092 833 2127 fonte
865 2093 1062 2128 heliconico
1095 2104 1212 2128 amoe-

45 2151 203 2197 nissimo,
237 2155 276 2187 ut
310 2152 450 2188 dicetur
489 2152 606 2197 primo
645 2152 802 2197 capitulo
838 2152 1013 2197 Paradisig
1048 2164 1066 2187 e
1093 2155 1212 2198 poscia

108 2280 133 2308 1¹)
152 2281 182 2304 E.
200 2288 263 2305 sono
281 2282 335 2305 lirae
352 2282 466 2312 poeticae.
