1737 2836
501 222 637 248 CANTL‘s
665 223 807 248 PRlML'S.
1170 216 1240 248 313

63 300 206 344 pertun}
227 297 296 332 hoc
324 296 360 331 in
387 295 512 342 pennis
531 296 688 340 alarum,
707 295 755 330 ita
776 295 919 330 volatus
938 295 1039 330 istius
1059 295 1243 331 altissimae

62 357 194 402 aquilae
221 356 390 402 deprimit
420 356 582 391 volatum
602 355 757 390 aliarum
783 355 1018 391 scientiarum
1050 365 1132 401 quae
1159 359 1244 391 sunt

63 418 188 463 tardae,
216 418 308 453 sicut
336 426 484 453 anseres
512 418 680 461 respectu
707 415 840 460 aquilae
857 412 905 459 (³).
926 416 987 450 Est
1005 416 1116 451 etiam
1142 426 1244 462 quae-

63 478 147 513 dam
177 478 397 513 nobilissima
424 475 557 521 aquila,
586 485 669 520 quae
698 485 770 510 non
797 475 1004 521 depascitur
1038 475 1105 511 nisi
1133 475 1243 511 corda

63 538 218 573 aliarum
247 538 384 582 avium,
412 546 504 582 quas
531 535 625 582 capit
653 535 688 569 in
716 534 983 570 nutrimentum
1005 536 1080 580 sui3
1102 536 1151 571 ita
1175 535 1241 571 ista

64 598 286 633 nobilissima
314 596 547 633 scientiarum
582 595 701 631 solnm
738 595 832 641 capit
866 595 1034 640 quaedam
1068 596 1240 642 principia

63 657 232 693 aliarum.
262 658 313 692 Ad
340 658 482 693 literam
511 666 601 702 ergo
628 655 711 691 dicit
738 658 862 701 poeta:
898 657 1041 700 affltylia
1071 653 1112 700 si,
1140 656 1240 701 idest,

64 720 137 752 tam
159 717 324 761 firmiter,
344 728 414 751 nonr
435 718 485 760 qli
502 718 528 750 s’
539 718 649 760 alsisse
671 726 867 761 mzqnanco,
891 715 993 761 quasi
1012 715 1123 751 dicat:
1144 716 1241 761 quod

63 777 185 822 aquila
213 777 412 823 corporalis
440 787 511 811 non
539 779 613 811 tam
642 775 712 811 fixe
739 775 904 811 intuetur
926 776 1039 811 solem
1069 786 1242 822 corpora-

62 836 147 881 lem,
176 836 267 872 sicut
295 837 362 872 ista
390 836 538 872 scientia
566 835 760 881 spiritualis
786 836 900 871 solem
929 836 1155 882 spiritualem
1181 836 1242 881 qui

62 897 160 933 Deus
187 900 251 933 est.
281 897 324 932 Et
356 897 413 932 hic
447 899 532 931 nota
567 896 661 932 hene
697 896 795 941 quod
828 901 937 932 autor
973 895 1108 942 optime
1141 895 1242 941 dicit3

63 957 238 1002 quoniam
267 957 389 1002 aquila
418 966 489 991 non
517 959 637 1002 posset
673 956 767 991 bene
802 955 984 1002 respicere
1011 959 1129 991 rotam
1162 955 1245 991 solis

63 1027 109 1052 ex
137 1017 212 1052 sola
240 1017 335 1052 oculi
363 1016 532 1062 puritate,
556 1015 641 1061 quia
670 1016 733 1050 lux
760 1016 844 1051 solis
870 1015 1076 1060 fortissima,
1101 1015 1244 1050 calidis-

63 1077 155 1112 sima
189 1086 299 1122 super
335 1076 483 1111 oculum
516 1075 700 1121 spericum
737 1079 773 1111 et
804 1075 957 1121 politum
993 1075 1075 1111 facit
1108 1076 1243 1111 multas

65 1137 280 1173 reflexiones
317 1135 504 1171 radiorum
532 1135 576 1171 ad
605 1135 768 1171 medium
796 1136 904 1181 oculi,
932 1136 993 1170 ubi
1026 1139 1079 1171 est
1106 1136 1242 1171 humor

62 1197 233 1245 glaciali5‚
254 1197 289 1231 in
316 1207 390 1242 quo
417 1196 620 1242 sigillantur
648 1196 776 1231 forma>
801 1196 1008 1241 xisibilium,
1035 1199 1071 1231 et
1092 1195 1242 1231 reflexio

63 1258 122 1294 illa
149 1256 313 1293 calefacit
341 1259 376 1292 et
403 1256 563 1291 dissolvit
590 1257 784 1292 humorem
815 1256 936 1301 illum3
964 1255 1044 1292 ideo
1071 1256 1168 1291 oculi
1188 1256 1242 1291 la-

63 1321 279 1365 crymantur
298 1317 444 1363 quando
473 1316 553 1361 quis
580 1316 677 1351 videt
704 1316 865 1351 lucidum
891 1316 1083 1352 excellens.
1103 1316 1241 1351 Oculus
1267 1363 1270 1365 -

63 1378 159 1414 enim
188 1381 242 1413 est
269 1377 374 1423 quasi
403 1376 593 1422 speculum
613 1376 818 1411 animatum
842 1387 1069 1422 convexum;
1090 1376 1153 1412 sed
1176 1387 1241 1411 na—

63 1441 147 1473 tura
175 1438 288 1472 solers
316 1440 352 1472 et
379 1446 492 1483 sagax
524 1435 620 1471 dedit
654 1435 786 1481 aquila)
821 1436 995 1482 pupillam
1028 1436 1171 1482 nigram
1206 1440 1242 1471 et

63 1497 143 1533 cilia
170 1507 307 1543 grossa,
336 1500 377 1531 ut
404 1496 534 1532 melius
563 1496 724 1541 resistat3
744 1499 779 1532 et
799 1499 922 1531 tamen
942 1507 1014 1531 non
1033 1499 1153 1542 posset
1173 1496 1242 1532 hoc

64 1558 183 1592 facere
211 1556 284 1601 (liu,
306 1556 391 1601 quia
419 1556 555 1590 humor
574 1555 631 1591 ille
650 1555 800 1602 frigidus
819 1556 1081 1592 dissolveretur
1100 1560 1136 1592 et
1158 1566 1240 1592 cor-

64 1620 321 1662 rumperetur:
342 1615 435 1651 sicut
454 1615 570 1651 simile
590 1615 755 1651 videmus
774 1615 809 1650 in
829 1615 1059 1651 salamandra
1076 1626 1159 1661 quae
1174 1616 1240 1651 ali-

64 1677 224 1723 quandiu
254 1676 341 1711 vivit
369 1676 404 1710 in
431 1675 525 1722 igne,
554 1675 639 1721 quia
673 1675 911 1722 frigidissimae
947 1680 1089 1711 natura]
1122 1676 1240 1712 extin-

63 1737 141 1783 guit
174 1737 296 1783 ignem
331 1736 423 1771 sicut
457 1735 611 1782 glacies3
647 1736 709 1772 sed
743 1736 771 1771 si
807 1737 868 1772 diu
903 1737 1043 1772 steterit
1082 1737 1118 1772 in
1158 1737 1240 1784 igne

64 1796 221 1832 vincitur
249 1799 284 1831 et
312 1795 479 1830 moritur.
509 1795 607 1831 Bene
634 1805 723 1842 ergo
750 1796 833 1831 dicit
860 1800 966 1842 poeta
994 1796 1091 1842 quod
1118 1797 1239 1842 aquila

64 1866 255 1901 nunquam
281 1855 438 1900 respexit
465 1855 591 1900 solem,
611 1855 703 1891 sicut
730 1867 828 1892 nunc
856 1856 1020 1893 Beatrix:
1042 1868 1126 1892 nam
1150 1867 1240 1892 ocu—

64 1916 120 1951 lus
148 1914 400 1951 intellectualis
427 1914 643 1960 purissimus
675 1915 776 1950 istius
807 1916 964 1951 dominae
991 1920 1128 1961 quanto
1159 1916 1240 1951 diu-

64 1976 134 2011 tius
162 1979 198 2011 et
225 1975 331 2010 fixius
360 1974 504 2020 respicit
530 1975 643 2010 solem
672 1978 866 2021 aeternum,
895 1979 994 2011 tanto
1028 1976 1156 2011 fortius
1188 1976 1241 2012 vi-

63 2039 216 2082 goratur
244 2039 280 2071 et
307 2034 535 2070 convalescit.
552 2037 645 2069 —E
668 2031 697 2069 si
724 2045 827 2069 come.
857 2035 921 2070 Hic
948 2038 1054 2080 poeta
1086 2036 1241 2072 ostendit

63 2095 248 2140 quomodo
268 2096 384 2131 factus
403 2098 456 2130 est
476 2098 603 2140 potens
621 2094 666 2130 ad
688 2095 954 2140 respiciendum
975 2096 1087 2131 solem
1106 2097 1241 2134 virtute

64 2155 236 2190 Beatricis
270 2165 334 2201 per
366 2154 677 2200 comparationem
712 2155 877 2200 pulcram
906 2158 942 2190 et
969 2156 1171 2202 propriam;
1204 2161 1239 2193 et

128 2287 152 2314 (¹)
171 2286 199 2308 Ε.
218 2285 317 2315 aquilm,
336 2285 431 2308 scilicet
451 2285 561 2307 scientim
579 2285 655 2307 liuius
674 2285 817 2315 theologiam
838 2285 889 2308 list.
