1737 2836
355 232 491 257 CANTUS
518 231 706 256 VIGESIMUS
733 230 923 256 SECUNDUS.
1175 224 1219 256 37

54 306 154 341 Unde
182 304 367 339 Vitruvius
395 304 485 338 libro
512 303 556 338 de
583 303 844 347 Architectura,
871 313 941 337 non
968 303 1085 338 solum
1115 307 1220 338 vocat

54 366 255 400 Homerum
292 365 466 407 divinum,
501 362 562 398 sed
599 363 795 407 quemdam
831 362 940 397 deum
978 363 1221 408 eloquentiae,

57 425 136 460 ideo
164 435 235 459 nou
262 424 366 469 plura
393 423 471 458 dico
497 422 542 456 de
568 431 622 456 eo.
643 422 683 455 Et
704 422 821 455 subdit
842 422 974 467 vicum,
995 422 1028 456 in
1049 433 1121 467 quo
1141 433 1221 458 mo—

58 487 186 519 rantur
213 487 247 519 et
274 483 359 528 quid
386 484 584 527 operantur
612 480 646 514 in
674 490 729 525 eo,
749 480 889 515 diceus:
916 492 1028 525 spesse
1051 483 1132 526 fiale
1158 493 1222 530 νᾳ-

57 545 209 588 9ίοηὶαηι
236 544 291 577 del
317 546 440 584 monte,
465 540 609 585 scilicet,
629 540 799 584 Parnaso,
820 541 989 575 I‘aradiso
1012 546 1144 587 nostro,
1165 544 1223 577 elle

58 613 191 647 sempre
216 603 261 636 Ιια
287 604 316 636 Ie
343 602 467 635 nnlrz'ci
493 603 608 634 nostre
633 610 722 643 seco,
742 599 886 644 scilicet,
901 600 1059 644 poeticas
1087 612 1223 647 musaS,

59 672 142 697 nam
172 664 325 696 tractant
353 660 491 695 fabrilia
520 659 621 705 fabri,
642 663 681 694 ut
708 659 791 694 dicit
813 659 1001 704 Horatius,
1030 662 1085 695 nel
1107 664 1223 705 primo

59 722 203 764 cercleio,
231 721 363 756 scilicet
390 719 511 765 limbo,
540 721 595 754 del
619 729 759 754 carcere
785 720 887 763 ei'eco,
910 719 1053 763 scilicet,
1083 721 1224 766 inferni,

59 781 119 826 qui
135 784 188 816 est
203 790 328 815 carcer
347 783 505 815 aeternus
524 779 781 814 damnatorum
798 779 925 824 plenus
942 779 1103 815 caecitate
1122 781 1225 827 igno-

60 840 186 875 rantiae
204 843 237 875 et
258 840 505 875 tenebrarum.
521 859 569 863 —
586 839 758 883 Euripide.
779 839 842 873 Hic
866 838 1034 885 Virgilius
1057 840 1140 885 quia
1161 851 1227 876 no-

60 899 261 935 minaverat
275 900 475 934 Homerum
495 898 692 944 principem
712 901 903 944 poetarum
923 909 1088 944 graecoru
1097 910 1142 944 m,
1158 901 1226 935 sub

60 959 163 993 cuius
190 959 301 994 tutela
330 962 413 993 sunt
439 968 566 993 omnes
586 962 712 1003 poetae,
736 968 831 993 nuuc
860 958 1020 993 nominat
1048 960 1225 1004 quosdam

60 1017 148 1053 alios
175 1021 297 1062 poetas
322 1028 474 1063 graccos,
492 1017 632 1052 dicens:
652 1018 818 1061 Euripide
845 1019 873 1051 θ’
888 1015 907 1051 ‹1'
924 1028 1040 1062 nosco,
1061 1029 1144 1053 cum
1165 1031 1228 1054 su-

62 1077 227 1123 pradictis
255 1077 289 1111 in
317 1077 444 1112 eodem
469 1077 556 1111 loco.
578 1076 640 1112 Hic
661 1076 736 1121 suit,
756 1080 796 1111 ut
816 1077 898 1112 (licit
918 1078 1131 1123 Macrobius,
1154 1080 1228 1115 cla-

64 1136 225 1171 rissimus
252 1139 356 1182 poeta
385 1136 554 1183 tragicuS,
582 1146 691 1181 quem
720 1146 815 1181 saepe
841 1137 972 1183 allegat
996 1138 1228 1184 philosophus

62 1196 97 1231 in
124 1197 197 1231 suis
223 1197 320 1231 libris
349 1197 559 1241 moralibus,
578 1196 639 1241 qui
660 1196 740 1231 fecit
762 1196 916 1231 nobilem
948 1198 1160 1243 tragoediam
1184 1199 1229 1235 de

62 1257 255 1303 Meleagro,
276 1257 310 1291 in
333 1267 405 1302 qua
432 1256 599 1291 describit
620 1256 655 1290 in
675 1266 748 1301 quo
768 1256 890 1291 habitu
911 1258 1050 1292 venerit
1074 1259 1230 1304 quisque

63 1316 198 1351 ducum
226 1316 270 1351 ad
298 1316 513 1361 capiendum
541 1325 693 1360 aprum,
713 1319 747 1350 et
775 1315 848 1360 ipse
876 1316 1019 1351 taudem
1049 1317 1230 1354 laceratus

64 1379 115 1411 est
146 1386 166 1410 a
199 1376 348 1410 canibus
383 1386 454 1409 non
493 1375 528 1409 in
564 1375 756 1410 venatione
787 1376 848 1410 sed
880 1376 915 1410 in
948 1377 1032 1411 aula
1066 1377 1231 1414 Archelai

65 1435 160 1481 regis
187 1434 413 1479 Macedoniae,
442 1439 472 1469 el
497 1436 682 1479 Anlz'fonle,
710 1439 813 1480 poeta
841 1445 984 1481 graecus
1011 1437 1072 1481 qui
1100 1437 1231 1472 dicitur

65 1494 191 1530 secisse
217 1494 350 1528 librum
377 1494 421 1529 (le
450 1494 744 1539 interpretatione
765 1494 991 1529 somniorum
1020 1499 1055 1531 et
1084 1507 1233 1542 respon-

66 1565 210 1598 sorum,
239 1555 425 1596 Simonide,
458 1557 562 1599 poeta
594 1564 746 1599 graecus,
775 1554 836 1598 qui
871 1558 1039 1589 mortuus
1071 1560 1124 1591 est
1157 1567 1232 1601 prae

66 1613 199 1660 gaudio
218 1613 338 1648 habita
358 1613 506 1648 victoria
528 1613 633 1647 unius
652 1623 727 1647 sua}
747 1613 945 1659 tragoediae,
964 1614 1008 1649 de
1028 1626 1101 1660 quo
1120 1616 1234 1652 multa

67 1677 149 1708 sunt
176 1673 270 1718 apud
291 1672 475 1708 Valerium
501 1675 533 1707 et
554 1672 730 1717 Plinium,
755 1676 924 1717 Agatone,
945 1673 1011 1709 iste
1038 1675 1101 1709 fuit
1128 1680 1234 1721 poeta

67 1743 209 1780 graccus
235 1736 270 1767 ot
298 1732 466 1778 tragicus.
496 1732 537 1766 Et
564 1732 663 1767 dicit:
691 1736 723 1767 ec
746 1735 829 1768 altri
851 1735 930 1777 ln'ue
955 1737 1060 1778 yrecz',
1089 1736 1235 1781 scilicet,

68 1795 203 1838 poetae,
225 1792 243 1811 ²³<
274 1795 308 1826 et
349 1792 441 1826 bene
479 1791 573 1835 dicit,
610 1791 695 1836 quia
732 1792 834 1826 multi
874 1793 932 1827 alii
970 1793 1117 1829 fuerunt
1149 1805 1236 1840 poe—

68 1848 197 1893 taesspx
224 1851 331 1897 graeci
362 1861 431 1885 non
464 1851 583 1885 minus
614 1851 753 1896 famosi,
781 1852 873 1887 sicut
899 1853 1076 1887 Pindarus
1110 1855 1236 1890 theba-

69 1923 147 1955 nus,
183 1911 386 1956 Sophocles,
424 1910 612 1955 AEschilus,
647 1911 796 1956 Alcaeus,
830 1922 957 1947 omnes
988 1913 1126 1959 tragici,
1157 1914 1237 1949 Ari—

68 1972 259 2017 stophanes
297 1970 468 2015 antiquus
500 1970 660 2005 comicus
687 1969 706 1989 *
733 1974 768 2005 et
802 1971 989 2007 Philemon
1031 1973 1236 2009 notissimus

68 2031 228 2068 comicus
246 2025 314 2074 *OE
349 2033 383 2065 et
417 2030 538 2075 plures
564 2029 633 2073 alii,
666 2040 686 2065 a
713 2031 845 2075 quibus
872 2032 1040 2066 omnibus
1067 2032 1236 2079 Virgilius

68 2091 182 2126 multa
210 2090 355 2136 accepit.
384 2091 426 2125 Et
452 2089 554 2124 dicit:
577 2090 635 2124 che
660 2085 719 2133 yid
745 2091 782 2125 da·
802 2093 904 2126 lauro
925 2102 1038 2126 ornat·
1057 2094 1091 2127 la
1107 2095 1236 2138 fronte,

132 2243 157 2271 (')
175 2242 210 2265 Lc
228 2242 314 2272 parole
332 2242 369 2266 fra
388 2242 394 2265 i
412 2242 461 2265 due
478 2242 609 2265 asterischi
628 2249 672 2265 son
690 2243 801 2272 supplite
818 2243 857 2266 dai
875 2243 959 2267 Codici
978 2243 1083 2266 Estcnsc
1100 2250 1114 2265 c
1134 2246 1186 2267 117.

134 2280 159 2310 (¹)
177 2281 211 2303 Le
229 2280 315 2310 parole
333 2280 371 2304 sra
390 2281 396 2303 i
414 2280 463 2304 due
480 2281 611 2304 asterischi
628 2287 673 2304 son
692 2281 801 2311 supplite
819 2282 856 2305 dai
874 2281 958 2305 Codici
977 2281 1081 2304 Estense
1099 2287 1112 2304 e
1132 2283 1184 2305 117.
