1737 2836
370 204 506 230 CaxTUs
532 205 720 230 VIGESIMUS
747 203 907 229 TERTIUS.
1162 198 1206 228 55

39 279 168 322 yrazicz
196 274 273 312 m’e'
296 280 438 321 ques-la?
464 277 567 321 quasi
598 277 692 312 dicat
722 276 905 320 mirabilis,
938 275 1035 320 quod
1064 276 1206 311 videam

40 341 75 374 te
103 337 159 373 liic
187 337 323 382 vivum,
344 340 379 372 et
398 336 556 371 inaudita
575 337 691 383 gratia
711 340 763 372 cst
783 337 865 371 data
887 336 959 371 tibi.
975 356 1023 360 -—
1038 337 1121 370 Μαί.
1144 336 1208 371 Hic

38 402 145 445 poeta
172 397 326 433 ostendit
358 396 513 442 qualiter
550 397 804 442 recognoverit
836 407 934 441 eum,
961 396 1101 431 dicens:
1135 397 1210 430 Mai

38 468 109 493 non
136 459 269 492 l'avret'
298 457 525 492 re'conoscc'uto
552 457 589 490 α]
617 457 700 498 viso,
732 456 780 490 ita
807 458 886 491 erat
913 455 1205 490 transformatus.

39 518 81 552 Et
108 517 164 552 hic
192 521 288 562 nota,
316 516 413 562 quod
444 519 548 561 poeta
581 515 712 551 merito
742 515 841 560 fingit
873 515 970 559 quod
1002 526 1205 560 numquam

41 577 309 624 recognovisset
338 577 447 611 istum
474 576 518 611 ad
546 575 682 611 visum:
702 585 766 620 per
784 575 853 609 hoc
873 575 996 610 volens
1014 575 1134 610 dicere
1154 579 1209 610 ta—

39 637 110 673 cite
136 637 232 682 quod
260 636 437 682 ingluvies
465 635 601 670 ventris
628 634 786 669 multum
819 637 854 669 et
885 633 956 668 cito
990 637 1209 670 transmutat

38 697 196 732 sormam
228 696 392 731 hominis.
434 695 535 730 Unde
566 694 803 738 Domitiaan
839 693 901 738 qui
933 693 1052 728 fuerat
1084 694 1209 738 pulcer

35 756 193 803 juvenis,
209 756 324 791 sactus
343 755 515 790 deformis
533 754 676 790 calvitio
695 753 818 800 capitis
834 757 870 789 et
884 753 1103 799 pinguedine
1120 763 1210 788 ven-

41 816 116 862 tris,
133 816 253 852 scribit
281 816 325 851 ad
352 815 512 851 amicum
541 815 637 860 quod
657 813 741 848 nihil
769 816 821 848 est
848 813 1000 859 gratius,
1021 812 1105 847 nihil
1124 812 1211 847 bre-

41 877 121 912 vius
139 875 392 922 pulcritudine.
414 875 455 909 Et
473 875 554 910 dicit
569 887 575 908 :
592 885 649 909 ma
664 870 716 908 cio
732 875 790 908 elce
805 875 825 908 Γ
837 876 966 917 aspecto
987 883 1050 907 suo
1069 874 1211 907 m'avea

41 938 217 980 conqm‘so,
245 936 346 979 idest,
377 936 559 970 clauserat
589 937 625 969 et
664 934 847 969 celaverat
877 932 1071 979 cognitioni
1104 943 1209 978 meae‚

43 997 90 1030 mi
112 997 151 1040 [ιι
171 996 302 1040 palese,
330 994 475 1038 scilicet,
495 994 575 1039 quis
602 998 692 1037 erat,
712 995 802 1027 nella
830 1003 922 1035 voce,
945 1002 1029 1037 quae
1057 1002 1128 1027 non
1156 996 1211 1028 est

42 1055 88 1089 ita
115 1055 160 1090 de
181 1054 271 1090 facili
296 1053 579 1088 transmutabilis
598 1053 690 1088 sicut
709 1053 831 1097 facies3
853 1052 948 1087 unde
967 1052 1071 1087 dicit:
1093 1056 1210 1096 questa

37 1115 189 1159 favella;
204 1113 369 1149 mirabile
389 1117 441 1148 est
459 1113 555 1158 quod
571 1113 714 1157 loquela
724 1113 862 1158 judicat
876 1112 920 1148 de
936 1112 1082 1147 homine
1097 1112 1207 1148 etiam

39 1184 125 1210 cum
159 1183 231 1209 non
264 1173 407 1208 videtur
425 1169 473 1217 (¹),
502 1174 549 1207 mi
572 1183 723 1215 raccese,
759 1172 860 1215 idest,
889 1172 1089 1217 renovavit,
1126 1175 1210 1207 lulla

40 1235 111 1269 mia
137 1244 364 1277 conoscenza,
387 1244 469 1278 qua}
497 1236 575 1268 erat
602 1232 772 1277 extincta,
795 1233 867 1266 alla
890 1232 1060 1266 cambium
1081 1233 1209 1275 labbia,

40 1293 130 1329 idest
146 1289 194 1338 (ΞΝ,
224 1294 258 1328 in
290 1294 380 1328 facie
408 1296 558 1337 mutata,
586 1304 603 1326 e
629 1293 786 1327 rcwm'sai
811 1293 845 1326 Ια
869 1293 984 1336 faccia
1010 1293 1046 1326 cla·
1072 1294 1208 1326 Forese.

41 1373 89 1378 —
103 1354 199 1388 Deli!
218 1353 280 1388 Hic
299 1356 404 1398 poeta
424 1352 522 1398 ponit
541 1351 743 1387 orationem
764 1351 899 1386 Foresii
917 1351 962 1386 ad
981 1361 1019 1386 se
1041 1351 1103 1396 qui
1122 1352 1210 1397 petit

42 1416 82 1447 ut
121 1412 213 1447 dicat
254 1412 316 1457 qui
355 1415 439 1446 sunt
478 1411 550 1446 duo
590 1411 701 1446 duces
733 1411 811 1446 eius
846 1421 917 1445 non
956 1413 1091 1445 attenta
1131 1411 1210 1446 eius

41 1472 159 1518 figura
186 1471 233 1506 ita
262 1471 517 1506 transformata
536 1465 582 1514 l³)·
611 1470 700 1505 Dicit
734 1480 843 1516 ergo:
875 1473 911 1505 et
939 1470 998 1505 ille
1028 1470 1208 1515 Foresius,

35 1542 197 1576 pressam
223 1542 288 1574 me,
317 1531 482 1575 Dantem,
510 1530 632 1565 dicens
658 1529 908 1575 deprecative:
938 1530 1033 1563 Dese!
1060 1540 1129 1563 non
1157 1534 1211 1564 al-

41 1593 190 1634 tendere,
218 1591 318 1636 idest,
347 1601 412 1637 pro
448 1591 523 1626 Deo
554 1600 626 1625 non
657 1589 837 1634 adrerum,
866 1590 1081 1624 all’ascmua
1113 1590 1212 1624 scab-

40 1652 110 1696 bia,
139 1651 238 1697 idest,
265 1651 310 1686 ad
337 1651 469 1686 siccam
498 1650 650 1685 maciem
670 1644 726 1694 (Ἣ
749 1651 807 1684 elce
829 1651 876 1684 mi
897 1651 1036 1684 scolora
1062 1651 1095 1684 la
1111 1651 1210 1694 pelle,

41 1712 141 1757 idest,
169 1711 250 1746 sacit
268 1707 303 1755 (5),
333 1721 392 1746 me
418 1710 590 1756 pallidum
620 1710 654 1744 iu
683 1710 784 1754 facie,
803 1708 848 1745 ne*
871 1720 893 1744 α
914 1711 1030 1754 dc'sello
1049 1710 1085 1744 de·
1103 1720 1210 1744 carne

44 1773 141 1807 clz'z'o
172 1771 288 1814 abbia,
324 1781 388 1816 per
424 1774 538 1806 totum
576 1780 729 1815 corpus3
761 1769 865 1814 quasi
895 1769 1014 1804 dicat:
1051 1779 1141 1815 rogo
1178 1773 1211 1804 te

43 1841 115 1866 non
141 1830 344 1876 dedigneris
364 1829 460 1874 loqui
483 1839 640 1874 mecum,
668 1829 751 1864 licet
778 1829 899 1864 videas
931 1839 989 1863 me
1017 1829 1064 1864 ita
1092 1828 1211 1863 horri-

43 1890 160 1925 biliter
191 1889 501 1924 transflirmatum.
531 1889 605 1923 Hoc
637 1888 717 1924 ideo
748 1888 890 1923 dicebat
925 1888 1094 1923 Foresius
1124 1887 1209 1932 quia

42 1949 174 1985 Dantes
202 1948 415 1994 respiciebat
442 1957 528 1982 eum
557 1947 638 1991 fixe,
664 1958 735 1982 non
763 1958 805 1982 ex
835 1950 1045 1992 contemptu
1074 1947 1135 1982 sed
1163 1957 1208 1982 ex

43 2008 279 2053 condolentia,
308 2012 348 2042 ut
380 2007 499 2042 statim
528 2007 671 2053 patebit.
705 2007 793 2042 Dicit
820 2017 929 2053 ergo:
963 2017 1020 2041 ma
1051 2007 1170 2041 climme'
1189 2007 1213 2041 ’l

45 2079 104 2105 ver
131 2070 167 2104 di
193 2072 234 2112 te,
249 2068 392 2112 scilicet,
409 2067 594 2112 quomodo
612 2070 650 2101 tu
672 2066 720 2102 ita
740 2066 865 2102 venisti
886 2067 969 2111 huc,
988 2066 1084 2112 quod
1104 2077 1214 2101 num-

44 2139 154 2174 quam
182 2128 345 2164 auditum
374 2128 439 2162 fuit
465 2127 510 2162 de
536 2127 606 2162 alio
634 2127 796 2172 vivente3
819 2130 855 2162 et
873 2126 994 2171 etiam,
1013 2128 1058 2161 ‹lt’
1077 2127 1129 2161 cln'
1149 2137 1210 2160 sou

106 2222 132 2251 (¹)
151 2224 202 2250 117,
221 2222 344 2245 videatur.
442 2221 466 2249 (²)
485 2221 514 2244 E.
532 2221 603 2248 idest,
623 2220 686 2243 facie
704 2223 809 2244 mutata.
906 2220 931 2248 (⁸)
950 2220 978 2243 E.
998 2222 1174 2243 transmutata.

108 2260 133 2289 (¹)
153 2262 204 2288 ¹17,
223 2260 341 2283 scabiem.
442 2259 467 2287 (Ὃ
485 2259 514 2282 Ε.
532 2265 588 2289 quae
606 2258 666 2282 sarit
682 2258 826 2289 squalidum
844 2259 869 2281 in
886 2257 958 2281 facie.
