1766 2856
485 234 528 264 40
843 233 1044 260 COMENTUM
1071 230 1290 257 PURGATORII

481 313 558 355 reli,
586 309 671 355 quia
701 309 778 354 jam
807 305 1049 341 transiverant
1076 314 1140 350 per
1169 306 1281 338 totam
1309 302 1445 337 scalam
1478 300 1654 336 confabu-

482 371 599 415 lando,
619 379 701 414 quae
728 371 782 403 est
807 368 983 401 excavata
1010 365 1045 399 in
1075 367 1208 408 monte,
1237 363 1284 398 ita
1311 361 1409 407 quod
1434 361 1545 397 habet
1571 360 1654 395 hinc

482 431 565 466 inde
591 429 693 475 quasi
713 427 880 473 parietes,
900 429 936 461 et
955 427 1197 471 pervenerant
1216 424 1252 458 in
1272 423 1367 458 viam
1388 422 1545 468 planam,
1564 420 1655 456 idest

482 491 517 525 in
544 488 738 524 cornicem.
770 487 810 520 Et
836 485 1014 530 descripto
1042 485 1121 520 loco
1147 483 1317 519 describit
1344 481 1652 527 te111puS,(Hcens,

483 549 579 594 quod
601 549 679 593 Jam
707 550 786 582 erat
819 545 945 590 quinta
977 545 1066 579 hora
1100 544 1193 588 diei3
1223 542 1319 578 unde
1351 541 1454 577 dicit:
1488 553 1505 575 e
1535 535 1595 584 9ἱά
1626 541 1656 574 le

483 612 620 654 quadro
647 607 768 641 ancille
794 606 850 640 del
874 606 1015 648 giorno,
1043 604 1143 649 idest,
1167 608 1326 649 quatuor
1353 603 1453 637 1101·ae
1480 610 1563 646 quae
1589 610 1656 635 an—

484 669 651 705 cillantur
681 665 827 702 servitio
854 665 936 710 diei,
963 675 1050 699 eran
1080 665 1209 698 ri'mase
1240 664 1411 706 aclcle'elro,
1447 661 1546 705 idest,
1577 660 1654 706 Jam

484 728 746 775 praeterierant,
769 737 786 760 e
813 728 847 760 la
874 727 992 769 (μιῖηία
1019 735 1081 759 era
1103 725 1140 758 αἶ
1158 728 1256 767 temo,
1280 722 1382 767 idest,
1403 721 1656 769 gubernaculo

484 789 579 833 solis,
606 788 706 832 idest,
726 786 925 832 parabatur
951 784 996 819 ad
1023 783 1212 819 servitium
1232 783 1301 818 diei
1321 782 1428 826 tertii,
1455 782 1656 817 clriz-:cmdo

482 860 551 894 pur
578 850 610 882 in
638 858 677 882 su
705 848 724 881 Γ
739 847 882 880 ardente
907 854 1029 887 corno,
1057 843 1160 889 quasi
1191 842 1309 878 dicat:
1344 842 1535 887 incipiebat
1572 844 1657 876 tunc

484 907 680 944 ascendere
707 906 781 941 sole
809 904 876 939 sub
901 903 1054 948 ardenti,
1076 914 1161 938 cum
1184 902 1280 938 enim
1301 906 1395 938 esset
1423 906 1509 937 tunc
1539 900 1655 946 aequi-

485 967 646 1003 noctium
667 968 745 1001 erat
764 974 875 1010 prope
892 963 1090 999 meridiem.
1102 983 1150 988 —-
1163 964 1320 1005 Quando.
1336 962 1400 997 Hic
1415 965 1520 1007 poeta
1536 964 1658 996 osten-

487 1028 537 1063 dit
563 1025 748 1072 quomodo
781 1025 826 1060 de
857 1023 1004 1059 consilio
1031 1023 1166 1069 Virgilii
1198 1026 1232 1057 et
1264 1032 1442 1057 consensu
1471 1020 1571 1056 Statii
1604 1020 1658 1054 in—

488 1090 678 1123 traverunt
705 1085 887 1121 cornicem
914 1083 1005 1119 sexti
1033 1083 1169 1127 circuli,
1193 1082 1337 1118 dicens:
1371 1082 1517 1124 Quando
1540 1082 1564 1115 ’l
1589 1081 1657 1114 mio

487 1149 590 1190 (luca,
617 1146 760 1190 scilicet,
790 1144 959 1190 Virgilius
989 1143 1098 1178 dixit:
1130 1145 1164 1177 io
1194 1143 1298 1177 credo
1334 1143 1383 1176 clt'
1405 1152 1427 1175 α
1455 1143 1487 1176 lo
1513 1145 1656 1184 stremo,

489 1208 590 1252 idest,
609 1205 830 1242 extremitati
859 1204 957 1249 ripae,
976 1205 1007 1238 ci
1024 1213 1202 1247 conregna
1223 1204 1340 1246 solym·
1359 1204 1388 1237 Ie
1407 1203 1519 1237 (lestre
1537 1201 1659 1245 spalle,

489 1267 573 1312 quia
600 1266 645 1302 ad
672 1266 862 1301 dexteram
881 1273 1026 1308 semper
1045 1263 1117 1297 itur
1136 1273 1199 1308 per
1219 1262 1487 1308 purgatorium,
1506 1261 1660 1304 qimndo

488 1329 514 1362 il
538 1330 650 1361 monte
676 1336 770 1360 come
795 1319 854 1368 9ίά
879 1322 1137 1367 s0l011m5quia
1165 1332 1228 1368 per
1256 1322 1389 1357 scalam
1414 1330 1560 1366 semper
1587 1320 1660 1354 itur

490 1390 599 1430 recte,
619 1385 680 1421 sed
701 1395 764 1430 per
792 1383 971 1419 circulum
990 1382 1227 1418 circulariter.
1249 1382 1290 1416 Et
1308 1381 1409 1416 dicit:
1430 1376 1499 1414 cosi
1522 1381 1660 1414 [ἀδαη-

488 1457 555 1491 ;α;
581 1445 699 1490 *(Ῑυίἃ
727 1444 845 1479 taliter
871 1444 1056 1478 iveramus
1079 1452 1142 1487 per
1164 1452 1292 1477 omnes
1313 1441 1468 1477 circulos
1495 1440 1661 1486 superio—

489 1516 558 1550 res,
574 1505 621 1540 ita
640 1504 864 1540 debebamus
878 1502 1040 1537 didicisse
1056 1502 1150 1537 viam
1162 1513 1170 1546 ;
1182 1503 1221 1546 fu
1240 1498 1262 1536 Ιὶ
1280 1505 1403 1535 nostra
1422 1496 1659 1545 1’nsegna*(⁴);

488 1565 568 1600 licet
596 1574 668 1599 non
694 1565 888 1608 appareret
907 1562 953 1596 ibi
972 1561 1070 1596 aliud
1092 1561 1248 1607 siguum.
1269 1561 1311 1595 Et.
1334 1560 1447 1606 tangit
1468 1560 1576 1595 aliam
1601 1570 1661 1594 ra-

491 1625 637 1668 tionem,
654 1633 769 1668 quare
788 1632 917 1657 secure
939 1622 1050 1665 ibant,
1069 1621 1246 1656 diceutes:
1269 1631 1285 1654 e
1303 1621 1531 1664 premlemmo
1550 1622 1585 1654 Ia
1605 1621 1661 1655 via

490 1696 555 1719 con
581 1695 657 1718 men
683 1686 842 1727 sospem),
870 1682 942 1717 imo
969 1692 1055 1716 cum
1082 1691 1213 1727 magua
1242 1680 1469 1724 confidentia,
1489 1691 1554 1724 per
1573 1681 1662 1715 [ἀε-

489 1746 596 1779 senlir
626 1745 662 1778 di
694 1743 924 1787 quell’anitna
958 1742 1085 1785 demea,
1121 1740 1265 1784 scilicet,
1306 1740 1417 1784 Statii,
1459 1750 1542 1785 quae
1582 1743 1662 1775 erat

490 1804 597 1850 digna
625 1802 836 1838 ascensione
863 1812 947 1837 cum
971 1802 1047 1847 Jam
1077 1804 1171 1836 esset
1203 1803 1357 1846 purgata
1393 1803 1428 1834 et
1458 1800 1610 1835 liberata
1641 1810 1661 1835 a

491 1863 606 1909 poenis
633 1861 851 1908 purgatorii,
881 1861 960 1896 ideo
987 1860 1182 1896 verisimile
1202 1863 1280 1895 erat
1299 1859 1397 1904 quod
1423 1862 1522 1895 recte
1549 1859 1661 1895 duce-

492 1927 594 1959 retur
622 1932 685 1968 per
716 1921 811 1957 viam
840 1921 954 1956 istam.
983 1921 1025 1955 Et
1052 1920 1172 1955 subdit
1200 1920 1349 1955 modum
1378 1919 1499 1964 eundi,
1523 1919 1660 1954 dicens:

491 1985 557 2027 elli,
584 1983 657 2018 duo
683 1985 800 2028 poetae
826 1981 977 2026 antiqui,
1002 1982 1106 2025 yivan
1135 1981 1293 2024 dinanzi,
1316 1979 1376 2025 qui
1401 1981 1662 2025 praecesserant

491 2053 575 2078 eum
599 2043 675 2088 J'am
705 2052 768 2087 per
803 2041 899 2077 mille
931 2052 1056 2086 annos,
1085 2044 1116 2075 el
1144 2042 1177 2075 io
1210 2041 1329 2075 soleeto
1364 2041 1509 2082 direlro,
1536 2038 1663 2084 supple

491 2103 599 2146 ibam,
626 2105 657 2135 ec
682 2103 859 2135 ascolcava
895 2103 950 2135 lor
983 2102 1148 2144 sermoni,
1177 2099 1400 2144 scientificos,
1428 2100 1514 2133 clz’a
1537 2101 1664 2143 poetar

491 2163 538 2196 mi
563 2161 703 2195 davano
729 2161 900 2203 intellecto,
927 2163 963 2195 et
991 2160 1077 2194 nulli
1105 2159 1270 2204 dubium,
1301 2158 1386 2204 quia
1413 2158 1546 2193 Dantes
1563 2153 1599 2202 (²)
1627 2157 1663 2193 in

554 2254 580 2281 (¹)
597 2253 632 2276 Le
651 2253 737 2282 parole
756 2253 794 2275 sra
811 2253 818 2275 i
836 2253 884 2275 due
903 2253 1033 2275 aster-iscbi
1052 2260 1113 2276 sono
1132 2253 1171 2275 dei
1189 2252 1274 2276 Codici
1292 2252 1441 2276 Strozziano
1458 2258 1472 2274 e
1491 2253 1543 2275 117.

556 2289 581 2319 ζ’)
600 2290 628 2313 E.
648 2290 739 2313 Dantes
757 2294 830 2320 pocla
847 2293 934 2314 noster
952 2291 976 2313 in
995 2291 1043 2318 ma
1061 2297 1106 2313 sua
1123 2293 1227 2313 attente.
