1737 2836
347 237 484 262 CANTUS
511 236 700 261 VIGESIMUS
726 235 918 261 SECUNDUS.
1169 229 1188 261 3
1195 230 1213 260 5

50 310 163 357 poetis
189 309 305 344 latinis
333 308 427 343 sama
455 307 581 353 dignis,
601 308 658 342 cui
686 307 854 354 Virgilius
874 306 1065 352 respondet
1087 306 1131 341 de
1151 307 1215 342 illis

49 373 85 406 et
110 369 186 404 aliis
213 368 335 402 multis
363 371 434 402 tam
463 367 590 412 graecis
618 378 729 411 quam
758 367 883 402 latinis.
905 366 993 402 Dicit
1020 377 1108 412 ergo
1136 367 1216 402 Sta-

50 429 139 464 tius:
173 431 219 462 Tet
246 430 392 471 demque,
420 429 524 472 poeta
559 437 704 472 magne,
731 428 789 460 cleo
820 429 930 461 lez-alo
963 429 1020 461 1ιαὶ
1046 429 1071 462 il
1095 438 1216 472 coper—

49 489 135 532 chio,
172 488 276 531 idest,
313 487 373 532 qui
408 486 570 521 detexisti
605 486 726 521 velum
769 486 980 531 ignorantia}
1019 498 1121 533 meze,
1159 489 1217 522 elce

49 549 302 582 771’asc·0mlera
329 549 456 590 quanto
489 546 570 580 bene
600 547 632 579 ίο
664 546 753 588 ἀίει),
785 545 928 590 seilicet,
957 547 1093 581 bonum
1123 547 1214 592 fidei,

51 608 126 643 sine
154 618 226 652 quo
255 617 324 641 non
352 605 562 651 pervenitur
589 605 632 639 ad
656 615 842 639 summum
867 605 1020 649 bonum,
1041 607 1141 651 quasi
1162 607 1217 641 ‹li-

50 670 126 703 cat:
155 667 215 711 qui
244 666 353 702 fecisti
382 676 440 700 me
468 665 725 709 christianum,
754 664 809 699 vel
838 664 910 699 dic:
940 668 977 698 tu
1007 665 1129 700 levasti
1154 676 1216 701 ve—

50 725 182 770 lamen,
210 725 277 760 sub
305 735 378 770 quo
405 725 542 759 stabam
571 724 747 768 occultus,
767 723 851 768 quia
871 723 1003 759 scilicet
1023 724 1218 769 ignoraba-

51 788 111 820 tur
137 788 262 819 utrum
291 795 406 820 essem
437 787 604 819 mortuus
630 794 792 830 paganus
818 794 865 818 an
892 783 1126 829 cliristianus3
1156 785 1218 820 sed

51 845 149 891 prior
168 844 341 890 expositio
361 844 503 879 videtur
524 844 637 889 magis
656 843 773 878 amica
792 843 925 888 literse3
945 846 979 878 et
1001 843 1103 878 dicit:
1124 854 1218 880 men-

51 909 103 939 tre
128 906 185 938 elle
211 906 266 938 del
290 905 395 938 salire
422 914 517 937 (trem
545 905 735 946 soret-cloio,
760 903 859 948 idest,
879 903 992 938 donec
1023 907 1132 939 restat
1153 904 1219 939 ali-

51 964 136 1009 quid
163 964 207 999 de
233 963 290 998 die
316 963 351 997 in
379 974 450 1008 quo
477 963 673 998 ascendere
700 973 911 1008 possumus,
939 965 1082 998 stimme:
1109 963 1221 999 clov'e‘

57 1024 221 1057 Terenzio
248 1026 368 1057 nostro
401 1024 523 1057 antico.
552 1022 615 1056 Hic
646 1022 835 1057 Terentius
867 1022 929 1056 suit
964 1026 1068 1067 poeta
1103 1023 1220 1058 maxi—

52 1093 135 1117 mus
150 1079 198 1126 4¹),
226 1082 287 1126 qui
307 1081 443 1127 scripsit
463 1081 660 1116 comoedias
678 1081 906 1116 delectabiles
929 1082 1066 1126 Romae,
1086 1082 1120 1116 in
1140 1082 1220 1127 qui-

53 1142 121 1177 bus
148 1142 292 1187 proprie
318 1141 502 1186 descripsit
523 1151 644 1176 mores
658 1141 851 1186 juvenum,
871 1141 1025 1186 senium,
1054 1142 1220 1177 domino-

54 1212 149 1247 rum,
178 1211 382 1245 servorum,
410 1200 660 1245 meretricum,
695 1200 880 1245 lenonum,
913 1201 1145 1236 adulatorum
1164 1197 1219 1246 (²),

53 1261 120 1296 suit
147 1261 290 1296 natione
317 1260 601 1305 carthaginensi,
630 1260 784 1294 Romam
813 1260 909 1295 venit
937 1260 1099 1305 captivus
1128 1264 1221 1296 tem—

54 1330 141 1367 pore
170 1320 291 1365 magni
319 1319 509 1364 Scipionis3
540 1329 611 1353 non
639 1319 803 1364 pileatus,
826 1319 918 1354 sicut
936 1323 990 1354 est
1016 1320 1221 1354 communis

54 1390 158 1416 error
186 1379 400 1422 multorum,
428 1378 512 1423 quia
540 1378 598 1413 ille
623 1378 688 1412 suit
712 1379 804 1413 alter
823 1379 1012 1413 Terentius
1036 1389 1220 1423 romaum,

55 1440 227 1475 liberatus
255 1449 318 1484 per
345 1438 558 1483 Scipionem,
588 1441 626 1472 ut
654 1441 751 1483 patet
777 1448 841 1483 per
868 1438 1065 1483 Valerium,
1089 1441 1124 1473 et
1152 1439 1223 1472 Eu-

55 1499 196 1534 sebium
230 1498 320 1532 libro
354 1501 582 1542 temporum:
617 1497 661 1532 de
689 1497 755 1532 isto
788 1497 905 1532 dicam
941 1498 1080 1543 plenius
1112 1508 1223 1542 super

56 1558 210 1593 Valerio.
242 1558 375 1599 Cecilio,
394 1556 486 1591 alius
505 1560 608 1601 poeta
630 1556 771 1601 latinus,
792 1556 896 1591 cuius
915 1556 1110 1591 sententias
1129 1566 1224 1602 saepe

55 1617 152 1663 ponit
179 1616 380 1652 Macrobius
412 1616 503 1650 libro
536 1616 795 1661 Saturnalium,
824 1627 915 1661 quas
949 1617 1115 1662 Virgilius
1142 1617 1224 1651 imi-

55 1680 176 1721 tatur,
207 1678 338 1711 Plauto.
370 1676 431 1710 Hic
460 1676 524 1710 fuit
553 1676 679 1710 nobilis
706 1679 809 1721 poeta
838 1671 1032 1720 latinusffl,
1063 1680 1101 1710 ut
1128 1679 1225 1722 patet

56 1747 121 1782 per
147 1736 303 1771 Tullium
332 1736 366 1770 in
398 1735 515 1781 primo
548 1735 852 1780 Tusculanarum,
881 1735 946 1770 suit
974 1736 1224 1781 eloquentissi-

58 1807 140 1831 mus
167 1806 233 1830 suo
260 1799 436 1840 tempore,
458 1798 492 1830 et
514 1799 714 1830 scommata
746 1795 870 1840 pulcra
903 1795 1045 1841 faciens,
1070 1799 1109 1830 ut
1136 1797 1226 1831 scri—

58 1855 108 1890 bit
142 1855 180 1889 A.
221 1854 354 1889 Gellius
389 1854 478 1888 libro
513 1854 680 1888 Noctium
714 1854 919 1898 atticarum,
954 1858 990 1889 et
1022 1855 1224 1890 secundum

59 1915 234 1950 Senecam
263 1914 327 1948 fuit
354 1913 524 1957 sarcinas,
552 1913 653 1957 idest,
672 1913 716 1948 de
738 1913 884 1948 Sarcina
905 1914 1053 1958 antiqua
1082 1914 1226 1950 civitate

57 1974 326 2010 Romandiolae:
355 1973 493 2018 scripsit
520 1973 663 2018 pulcras
690 1973 886 2008 comoedias
918 1973 952 2007 in
986 1974 1113 2008 maiori
1141 1984 1227 2021 ege-

59 2037 149 2069 state
184 2044 293 2078 quam
331 2032 476 2076 Statius,
504 2032 587 2076 quia
622 2032 666 2067 de
699 2032 756 2067 die
792 2033 959 2067 volvebat
991 2033 1124 2067 molam
1160 2044 1226 2079 pro

59 2093 168 2139 victu,
196 2093 240 2128 de
268 2095 373 2127 nocte
400 2102 488 2127 vero
511 2091 699 2126 scribebat.
730 2094 760 2125 E
788 2094 910 2126 Varro.
940 2092 1002 2127 Hic
1029 2092 1094 2127 fuit
1121 2097 1226 2138 poeta

121 2247 148 2277 (¹)
168 2249 219 2275 ¹¹7,
238 2254 352 2277 magnus.
602 2246 627 2275 (’j
645 2246 669 2270 S.
688 2247 873 2270 adulterorum.

122 2285 147 2313 (ἢ
166 2287 218 2313 117,
237 2285 329 2308 latinus
347 2287 404 2307 ante
423 2285 572 2308 Terentium
591 2285 718 2315 antiquior
736 2286 816 2315 poclis
835 2285 928 2314 latinis,
946 2287 974 2308 ut
991 2287 1068 2314 patet.
