1766 2856
482 246 527 276 90
847 247 1050 273 COMENTUM
1077 245 1295 271 PL'RGATORII

480 460 644 494 CANTUS
681 457 910 490 VIGESIMUS
947 455 1144 496 QUINTUS,
1182 456 1216 486 in
1248 465 1307 495 Quo
1344 454 1498 494 Virylllus
1533 454 1658 494 royavit

559 516 694 548 Statium
717 515 950 546 declaraturum
981 512 1085 544 Danti
1121 512 1321 552 quaestionem
1355 511 1491 550 qualiter
1520 512 1658 550 possunt

560 572 738 603 demacrari
766 571 908 610 spiritns,
936 569 990 600 ubi
1018 579 1081 600 ozon
1112 567 1281 607 expediunt
1313 567 1524 605 nutrimenta,-
1560 569 1589 597 et
1620 566 1658 597 de

561 628 649 659 modo
672 628 785 668 signo-(e
807 627 986 665 spirituum,
1012 627 1040 656 et
1065 623 1296 664 cdz'qzccoztztlum
1321 623 1358 654 de
1381 623 1530 662 sequenti.

564 751 689 833 OM
717 806 781 830 era
807 796 896 829 oncle
914 796 938 828 'l
962 795 1050 828 salit·
1076 804 1147 827 non
1176 795 1272 828 volea
1293 795 1436 838 storpz‘o.
1458 794 1657 839 Postquam

482 857 517 892 in
545 856 725 902 superiori
752 854 910 900 capitulo
938 858 1043 900 poeta
1072 857 1194 888 noster
1222 853 1431 889 terminavit
1459 857 1656 889 tractatum

481 917 589 963 gulae,
617 926 700 960 quae
727 914 878 960 punitur
910 914 945 948 in
979 917 1082 949 sexto
1110 913 1259 958 circulo,
1288 923 1386 948 nunc
1420 913 1455 947 in
1492 913 1658 958 praesenti

482 975 639 1022 capitulo
655 975 750 1010 XXV
770 977 971 1020 pertractat
991 984 1102 1008 unam
1122 973 1277 1008 arduam
1301 973 1553 1018 quaestionem,
1575 983 1659 1018 quae

484 1037 644 1072 nascitur
663 1036 758 1071 circa
778 1035 910 1070 dictam
928 1034 1132 1078 materiam,
1148 1037 1183 1069 et
1202 1033 1312 1069 intrat
1332 1037 1528 1068 tractatum
1550 1034 1661 1069 luxu-

485 1097 547 1132 riae
575 1106 658 1142 quae
685 1096 836 1141 punitur
863 1095 898 1129 in
925 1094 1078 1139 septimo
1106 1094 1254 1129 circulo.
1275 1094 1316 1128 Et
1335 1093 1427 1128 istud
1456 1094 1659 1139 capitulum

482 1160 602 1203 potest
628 1155 736 1191 dividi
764 1155 798 1189 in
826 1158 985 1200 quatuor
1004 1158 1125 1200 partes
1144 1154 1346 1200 generales.
1367 1154 1405 1188 In
1429 1154 1546 1199 prima
1566 1164 1659 1199 qua-

484 1227 567 1251 rum
596 1219 702 1261 poeta
738 1214 905 1261 proponit
923 1211 958 1258 (²)
992 1214 1103 1249 altam
1136 1213 1375 1258 quaestionem
1412 1213 1572 1259 Virgilio,
1600 1213 1659 1249 cui

484 1276 654 1322 Virgilius
682 1274 875 1321 respondet
902 1274 937 1309 in
964 1273 1138 1320 generali,
1158 1273 1196 1307 ln
1225 1273 1384 1308 secunda
1412 1273 1547 1309 Statius
1574 1283 1659 1319 pre-

486 1336 588 1371 cibus
605 1335 738 1382 Virgilii
756 1335 881 1370 volens
900 1335 1043 1370 solvere
1063 1333 1315 1379 quaestionem,
1332 1333 1518 1378 quomodo
1537 1334 1660 1369 anima

484 1400 652 1443 separata
678 1396 849 1442 patiatur,
876 1395 997 1441 incipit
1023 1405 1045 1429 a
1073 1395 1190 1440 longe,
1214 1398 1249 1429 et
1277 1397 1476 1440 pertractat
1502 1404 1660 1440 genera-

485 1457 621 1492 tionem
649 1457 769 1500 foetus,
797 1456 864 1490 ibi:
893 1458 935 1490 Se
961 1457 996 1490 Ia
1028 1456 1158 1489 redata.
1195 1455 1233 1489 In
1269 1454 1374 1491 tertia
1402 1454 1497 1489 idem
1526 1453 1663 1489 Statius

484 1516 655 1552 describit
681 1515 959 1562 productionem
987 1515 1119 1550 animae
1141 1515 1175 1549 iu
1199 1515 1318 1560 ipsum
1346 1514 1487 1559 soetum,
1509 1518 1544 1550 et
1567 1514 1661 1549 illius

485 1576 753 1622 separationem
781 1587 802 1611 a
829 1586 995 1621 corpore,
1015 1579 1050 1610 et
1072 1579 1249 1621 separata)
1268 1575 1486 1620 passionem,
1510 1575 1576 1610 ibi:
1600 1578 1661 1610 Ma

485 1647 580 1671 come
605 1638 639 1671 (Γ
653 1637 794 1671 animal.
823 1636 862 1670 In
890 1639 1021 1680 quarta
1049 1639 1085 1670 et
1113 1635 1239 1670 ultima
1259 1635 1368 1670 intrat
1389 1635 1581 1670 materiam
1603 1635 1662 1670 lu-

487 1697 614 1742 xuriae,
642 1700 677 1732 et
703 1696 873 1731 describit
900 1706 1045 1741 poenam
1074 1696 1152 1731 eius
1179 1695 1214 1729 in
1242 1695 1415 1741 generali,
1444 1695 1510 1729 ibi:
1544 1698 1575 1729 E
1603 1690 1664 1739 9ἱά

489 1760 618 1791 venato.
652 1756 703 1791 Ad
737 1756 895 1801 primum
928 1755 1020 1800 dico,
1048 1755 1144 1801 quod
1181 1759 1287 1801 poeta
1319 1759 1442 1790 movet
1476 1755 1660 1790 difficilem

487 1817 724 1862 quaestionem
754 1816 913 1863 Virgilio,
947 1816 1092 1860 scilicet,
1129 1815 1315 1861 quomodo
1342 1816 1463 1850 anima
1494 1818 1660 1861 separata

487 1880 604 1922 potest
626 1876 697 1922 pati
717 1886 875 1922 poeuam.
904 1876 947 1911 Et
972 1876 1091 1922 primo
1119 1875 1303 1921 praemittit
1324 1876 1451 1910 horam
1477 1874 1661 1921 temporis,

487 1940 523 1972 et
542 1936 803 1971 sententialiter
822 1936 857 1971 in
877 1936 1007 1971 effectu
1030 1947 1101 1971 non
1122 1936 1200 1970 vult
1218 1935 1315 1971 aliud
1334 1935 1466 1980 dicere,
1483 1935 1548 1970 nisi
1564 1935 1662 1980 quod

488 2007 559 2031 non
587 2000 666 2032 erat
693 1997 783 2032 hora
811 1996 982 2041 perdendi
1011 1999 1167 2041 tempus,
1196 1995 1282 2040 quia
1310 1996 1388 2041 jam
1416 1995 1662 2030 transiverant

487 2057 569 2092 duae
598 2060 717 2102 partes
744 2057 814 2092 diei
842 2057 877 2092 in
904 2067 971 2092 suo
992 2056 1223 2102 hemisperio,
1243 2056 1335 2090 sicut
1353 2055 1436 2090 duae
1459 2058 1580 2100 partes
1600 2064 1666 2090 no—

487 2118 551 2153 ctis
578 2117 821 2152 transiverant
848 2117 883 2152 in
906 2121 1050 2162 nostro,
1073 2116 1152 2152 ideo
1172 2115 1425 2152 accelerabant
1444 2111 1477 2159 &l
1501 2115 1578 2151 iter.
1602 2114 1665 2149 Di-

487 2177 533 2212 cit
560 2187 667 2223 ergo:
700 2180 775 2211 Ora
803 2187 880 2219 era,
901 2180 975 2212 tam
1005 2177 1119 2221 tarda,
1144 2177 1234 2211 onde
1251 2177 1275 2211 ’l
1290 2177 1391 2219 satir,
1415 2175 1516 2220 idest,
1535 2184 1662 2210 ascen—

553 2308 578 2336 (¹)
596 2306 624 2329 E.
643 2307 714 2335 ponit
731 2305 838 2329 alteram
857 2307 1034 2336 quaeslioucm.
1223 2308 1250 2336 (²)
1269 2307 1298 2330 Ε.
1315 2306 1482 2330 accelerabat.
