1737 2836
363 218 501 244 CANTUS
528 219 717 244 molismus
744 219 921 250 QUARTUS.
1181 215 1225 246 89

56 289 366 335 comparationem
395 290 653 325 nobilissimam
681 290 821 326 dicens:
845 292 903 325 che
917 293 953 336 fe
970 293 1077 326 senlir
1095 293 1228 326 l'orez—

55 361 115 393 za,
150 349 251 394 idest,
286 349 468 394 umbram,
503 350 739 384 d'ambrosia.
780 351 840 385 Est
879 355 1003 386 autem
1044 351 1227 387 ambrosia

58 410 171 446 herba
198 420 271 455 qua
302 410 472 445 dicuntur
502 409 599 454 pasci
633 411 717 455 equi
748 411 884 446 solares
901 407 936 455 (¹)
969 422 991 447 a
1026 412 1149 458 poetis.
1185 412 1227 447 Et

55 474 140 506 nota
168 471 277 515 quod,
305 470 397 505 slent
423 469 507 505 dicit
534 469 679 514 Plinius,
699 470 889 506 Ambrosia
915 471 1148 508 denominata
1175 476 1228 508 est

55 531 247 566 Artemisia
274 531 320 565 ab
349 539 464 564 uxore
482 529 653 564 Manseoli
670 525 704 573 (²)
728 529 833 575 regis,
855 530 1047 566 fructicosa
1074 532 1119 567 ad
1148 543 1228 568 mo—

56 590 145 626 dum
164 589 352 636 absynthii,
372 599 456 624 cum
478 589 567 624 soliis
587 589 786 624 maioribus
805 593 839 625 et
860 590 1123 636 pinguioribus
1143 602 1227 636 quae

56 651 216 686 nascitur
238 651 274 685 in
292 649 536 695 Cappadoci33
558 650 653 685 unde
676 649 771 695 dicit,
791 650 889 695 quod
916 651 1099 686 ambrosia
1119 661 1226 686 coro—

55 713 187 746 nantur
207 710 446 756 cappadoces:
469 710 513 745 de
533 710 600 745 hac
626 710 710 745 dicit
730 710 977 756 Dyaworides,
999 711 1095 756 quod
1118 712 1228 747 habet

54 771 187 806 multas
215 771 335 817 virgas
362 771 488 816 longas
515 770 643 816 palmis
670 771 796 816 tribus,
816 774 852 806 et
879 771 961 806 solia
982 771 1016 805 in
1039 770 1138 806 initio
1159 771 1227 806 mi—

54 835 142 867 nuta
171 831 299 866 similia
332 834 442 876 rutae3
476 835 512 866 et
544 831 656 877 virgae
691 835 773 866 sunt
806 831 921 876 plenae
954 831 1092 866 semine
1123 832 1226 876 quasi

54 891 175 935 acinis,
204 891 353 926 odorem
382 891 455 926 vini
483 891 602 935 habet,
622 902 704 936 quae
727 902 799 926 non
827 891 993 936 florescit,
1018 891 1120 926 radix
1148 892 1227 927 eius

55 951 192 986 subtilis
219 954 254 986 et
282 951 389 997 longa
422 951 567 986 duobus
598 951 736 996 palmis7
769 951 879 986 latine
909 951 1113 997 appellatur
1146 951 1227 986 mil—

55 1010 227 1055 lesolium7
256 1014 291 1046 et
319 1014 371 1046 est
398 1010 512 1046 calida
540 1014 575 1045 et
603 1011 696 1046 sicca
724 1011 816 1046 sicut
834 1011 974 1046 ambra.
994 1011 1036 1045 Et
1058 1010 1151 1046 dicta
1173 1014 1227 1046 est

54 1070 248 1115 ambrosia,
277 1070 379 1115 quasi
406 1071 577 1106 aurosia:
605 1071 747 1105 aurosis
766 1071 863 1106 enim
883 1081 1004 1117 graece
1025 1070 1156 1105 dicitur
1175 1070 1226 1105 ci—

54 1131 123 1166 bus
150 1131 206 1166 vel
234 1141 336 1175 esc·a;
363 1130 444 1166 ideo
477 1131 561 1176 equi
595 1131 678 1166 solis
710 1130 899 1177 finguntur
930 1130 1025 1176 pasci
1057 1141 1110 1166 ea.
1138 1130 1225 1172 Quis

54 1202 150 1226 nunc
170 1202 242 1226 non
261 1191 380 1225 videat
399 1194 579 1236 quantum
598 1190 794 1225 similitudo
814 1191 858 1225 sit
877 1190 1039 1236 propria;
1055 1190 1140 1235 quia
1159 1200 1225 1225 an-

54 1251 157 1298 gelus
185 1261 281 1286 nunc
309 1250 514 1286 ventilando
537 1250 703 1296 propinat
729 1250 915 1285 coelestem
943 1260 1063 1285 escam
1091 1249 1224 1294 autori‚

51 1321 124 1356 qua
152 1314 364 1357 pasceretur
395 1311 500 1346 aliter
533 1321 644 1355 quam
678 1310 733 1345 isti
765 1310 883 1356 gulosi
914 1310 1026 1345 odore
1060 1310 1156 1355 pomi
1190 1313 1225 1345 et

50 1380 169 1416 aquae,
197 1381 270 1415 quo
297 1371 345 1405 ita
373 1370 585 1405 cruciantur
611 1380 749 1405 amare.
772 1370 814 1405 Et
841 1370 960 1405 subdit
988 1373 1093 1415 poeta
1121 1370 1224 1405 clau-

52 1430 139 1465 dens
158 1430 377 1475 capitulum:
397 1440 414 1464 e
434 1431 529 1464 sente*
544 1431 632 1473 dire,
652 1429 753 1464 illum
772 1430 957 1476 angelum,
977 1430 1077 1473 beati,
1097 1429 1224 1475 supple

50 1493 134 1525 sunt
156 1490 216 1535 illi,
235 1491 288 1524 συί
305 1491 448 1534 cellmua,
471 1489 572 1534 idest,
592 1499 684 1534 quos
702 1489 892 1534 illuminat7
913 1493 1007 1524 lanto
1029 1491 1066 1524 cli
1082 1491 1225 1532 (st‘azia,

50 1553 86 1585 et
112 1559 200 1584 vere
225 1549 331 1594 beati,
355 1549 440 1594 quia
464 1549 581 1594 pauci,
600 1549 657 1583 che
678 1550 807 1583 l'amor
826 1550 882 1583 del
898 1552 1011 1592 gusto,
1034 1549 1136 1593 idest,
1158 1559 1224 1594 ap-

50 1609 182 1655 petitus
209 1609 336 1644 edendi
364 1612 399 1644 et
426 1608 582 1653 bibendi7
609 1619 679 1643 non
711 1610 823 1654 sinna,
851 1608 952 1653 idest,
982 1619 1055 1643 non
1082 1608 1222 1653 emittit,

51 1673 174 1714 troppo
192 1670 292 1712 distr,
307 1668 408 1714 idest,
424 1668 708 1704 immoderatum
727 1668 960 1714 desiderium⁷
976 1670 1031 1703 nel
1044 1672 1135 1713 pecto
1155 1670 1224 1711 lor,

50 1729 108 1764 cui
124 1729 282 1764 vicinum
298 1732 351 1764 est
364 1732 503 1775 guttur,
515 1730 709 1772 esuriendo,
725 1728 826 1774 idest,
841 1729 1079 1764 desiderando
1098 1729 1219 1774 edere,

49 1799 183 1833 sempre
210 1793 338 1833 quanto
357 1787 375 1823 e*
390 1791 512 1833 yiusto.
533 1789 664 1824 Tantas
690 1789 786 1825 enim
815 1799 915 1825 escas
938 1800 1086 1825 sumere
1112 1789 1224 1825 debe-

51 1859 134 1883 mus
170 1848 301 1893 quibus
329 1859 400 1883 non
427 1852 602 1883 oneretur
637 1859 782 1894 corpus,
810 1859 877 1884 nec
910 1849 1057 1884 libertas
1092 1849 1224 1884 animae

51 1912 314 1954 praegravetur,
343 1912 383 1942 ut
417 1908 466 1943 ait
493 1908 748 1954 Hieronymus,
776 1908 838 1953 qui
865 1908 1000 1953 optime
1027 1908 1062 1942 in
1089 1918 1128 1943 se
1155 1908 1222 1943 hoc

50 1969 233 2014 probavit:
262 1968 323 2004 secl
351 1972 386 2003 et
413 1968 492 2014 plus
520 1968 688 2014 fugienda
716 1971 768 2003 est
795 1968 951 2004 ebrietas
979 1979 1090 2013 quam
1119 1978 1222 2013 esca;

50 2039 135 2063 nam
167 2032 299 2063 natura
330 2027 427 2063 dedit
468 2027 514 2063 ad
554 2031 680 2073 potum
721 2028 1006 2063 saluberrimum
1039 2028 1221 2074 liquorem

48 2098 166 2133 aquic,
195 2098 268 2133 quo
295 2090 427 2122 caetera
454 2087 624 2122 animalia
653 2091 819 2133 utuntur,
842 2091 884 2122 ut
910 2088 993 2123 dicit
1014 2088 1160 2123 Plinius.
1182 2088 1224 2123 Et

49 2148 150 2191 Loth,
166 2148 227 2192 qui
247 2150 413 2183 evaserat
434 2147 535 2191 liber,
552 2157 595 2182 ex
620 2147 795 2182 ebrietate
814 2148 952 2183 corruit
971 2147 1006 2182 in
1027 2148 1217 2183 incestum.

111 2233 137 2262 (¹)
158 2236 209 2264 117,
228 2234 288 2257 solis
306 2241 319 2257 a
337 2234 424 2263 poetis.
676 2233 702 2263 (¹)
720 2234 749 2257 E.
767 2234 900 2258 mauseoli.
