1737 2836
450 261 589 287 CANTUS
614 261 789 292 QUARTUS.
1138 254 1206 286 387

38 332 103 368 nisi
129 343 194 378 per
221 333 399 377 auditum,
422 333 552 378 visum,
572 336 786 368 ete—Per
813 336 938 377 questo.
967 332 1030 368 Hie
1062 333 1206 368 Beatrix

37 392 229 428 confirmat
255 393 391 428 dictum
420 404 528 428 suum
557 394 725 438 exemplo
752 404 865 429 sacrae
898 393 1099 439 scripturae,
1127 402 1210 438 quae

38 453 154 488 utitur
183 454 242 488 tali
271 454 378 489 modo
405 453 574 499 loquendi
595 453 752 500 figurato
779 454 813 488 in
842 454 916 489 Deo
944 457 979 489 et
1007 453 1210 500 intelligen—

40 512 106 557 tiis,
135 513 274 548 dicens:
303 516 372 549 Per
395 517 523 558 questo,
546 513 646 558 idest,
667 513 713 548 ob
738 513 842 548 istam
867 524 1029 558 eausam,
1050 515 1084 548 la
1103 515 1211 549 Serit-

40 576 133 616 ίαν-α,
162 584 243 618 quae
275 577 327 609 est
359 574 432 619 ipsa
461 573 619 618 Beatrix,
646 575 877 608 condescende
903 584 924 608 α
953 578 1072 608 vostra
1095 575 1210 619 sacul—

40 636 119 676 lale,
140 632 239 677 idest,
260 633 416 668 scientia:
444 634 626 677 humanae,
646 644 663 667 e
683 633 877 667 nltrt'bm'sce
903 644 926 666 a
953 635 1020 667 Dio
1039 644 1055 667 e
1076 635 1170 678 pierii
1195 645 1213 668 e

40 702 159 735 mano,
170 692 262 727 sicut
277 693 407 728 dieitur
423 693 595 739 principio
609 693 757 728 Genesis
772 693 869 738 quod
884 693 1059 728 Dominus
1070 691 1212 738 Deus&

39 752 251 787 ambulabat
270 763 334 798 per
349 753 569 798 paradisum,
584 756 619 788 et
639 753 736 798 quod
756 764 885 788 manus
905 753 983 789 eius
999 753 1081 789 secit
1096 753 1213 788 homi-

41 822 136 856 nem,
157 815 192 847 et
218 812 264 847 ita
286 812 330 847 de
358 813 496 857 multis3
517 816 548 847 el
569 814 660 847 altro
685 814 831 856 intende,
856 813 941 858 quia
971 823 1035 858 per
1060 824 1213 848 manum

40 871 203 918 intelligit
230 873 427 918 potentiam
446 869 480 916 (ἢ
510 876 545 908 et
573 873 834 919 operationem,
863 884 927 919 per
953 873 1080 919 pedem
1109 884 1214 909 amo-

42 942 120 967 rem
139 936 174 967 et
196 933 437 968 affectionem.
468 934 508 968 Et
537 933 591 968 hic
616 939 699 970 nota
720 933 816 978 quod
840 936 943 979 poeta
965 933 1100 979 optime
1118 933 1213 978 dicit,

41 992 124 1037 quia
154 992 350 1037 spiritualia
379 1003 449 1028 non
484 996 632 1038 possunt
667 993 768 1028 nobis
803 993 1024 1028 manifestari
1059 993 1123 1028 nisi
1152 1004 1215 1039 per

42 1052 261 1087 sensibilium
290 1053 578 1097 similitudinem3
608 1063 673 1088 nec
707 1053 785 1088 talis
818 1053 946 1088 modus
975 1054 1215 1099 persuadendi

42 1111 290 1157 despiciendus
314 1117 365 1148 est
385 1113 587 1148 secundum
609 1114 853 1159 Augustinum
874 1114 918 1149 de
937 1114 1099 1150 doctriua
1120 1114 1217 1150 chri-

43 1171 177 1217 stiana3
206 1172 279 1207 imo
305 1176 358 1208 est
384 1173 628 1218 pulcerrimus
650 1173 779 1208 modus
807 1174 988 1218 loquendi.
1019 1175 1093 1209 Hoc
1121 1174 1215 1210 idem

44 1231 126 1266 facit
152 1232 196 1267 de
223 1233 372 1279 angelis,
392 1234 454 1278 qui
473 1237 558 1268 sunt
577 1234 710 1269 similes
730 1234 822 1278 Deo3
845 1234 940 1269 unde
960 1234 1060 1269 dicit:
1080 1246 1097 1269 e
1114 1239 1217 1270 santa

44 1293 168 1336 chiesa,
187 1292 332 1337 scilicet,
353 1293 548 1338 apostolica
569 1293 724 1328 militaus
748 1294 822 1328 Deo
850 1294 884 1328 in
911 1294 1058 1339 mundo,
1080 1296 1113 1329 vi
1129 1306 1218 1339 rap-

41 1356 203 1396 presenla
230 1363 292 1387 con
322 1357 451 1397 ospello
480 1363 620 1396 amano,
649 1353 748 1396 idest,
776 1353 811 1387 in
840 1353 929 1388 facie
957 1354 1122 1399 hominis,
1146 1356 1218 1389 Ga-

43 1411 170 1455 brielle,
199 1412 259 1457 qui
288 1412 547 1457 interpretatur
576 1412 748 1447 fortitudo
781 1413 855 1457 Dei,
898 1413 977 1449 ideo
996 1409 1030 1458 (³)
1065 1414 1219 1449 mittitur

43 1471 88 1507 ad
116 1472 278 1516 Mariam,
306 1484 322 1506 e
350 1474 488 1507 Miclzele
506 1484 523 1507 e
542 1474 561 1507 Γ
576 1474 681 1516 altro,
702 1473 847 1518 scilicet,
869 1474 1015 1508 tertium
1043 1475 1218 1521 angelum

44 1532 276 1577 Raphaeffim,
306 1533 366 1577 qui
395 1533 655 1578 interpretatur
692 1533 870 1569 medicina
903 1534 978 1579 Dei,
1015 1534 1094 1570 ideo
1136 1535 1220 1569 mit—

46 1592 133 1627 titur
159 1592 203 1627 ad
232 1592 398 1637 Tobiam3
429 1593 523 1628 unde
550 1593 652 1628 dicit:
680 1595 737 1628 che
766 1594 869 1628 Tobia
889 1595 992 1639 rifece
1012 1606 1114 1638 sano,
1134 1605 1218 1630 cum

45 1655 138 1687 esset
166 1662 316 1697 pauper7
341 1662 450 1687 senex
481 1656 517 1687 et
544 1663 674 1688 caecus.
704 1653 772 1688 Sed
800 1664 846 1688 ne
873 1654 1006 1698 aliquid
1033 1658 1221 1690 remaneat

47 1713 166 1747 minus
193 1713 348 1757 clarum7
377 1716 430 1747 est
462 1712 676 1748 brevissime
704 1714 921 1749 summanda
951 1714 1110 1760 historia,
1138 1725 1222 1760 quae

46 1775 99 1807 est
127 1772 312 1806 notissima
339 1772 435 1817 apud
463 1773 686 1818 christianos,
707 1777 742 1809 et
770 1784 840 1809 non
870 1774 1073 1810 admittitur
1091 1775 1137 1810 ab
1158 1776 1221 1810 he-

48 1832 163 1867 braeis.
191 1831 319 1866 Tobias
347 1842 436 1877 ergo
464 1832 528 1867 suit
552 1833 726 1879 galilaeus,
747 1833 802 1868 vir
819 1834 952 1879 justus,
976 1835 1067 1880 pius,
1092 1835 1222 1870 timens

48 1893 176 1935 Deum7
197 1892 257 1936 qui
277 1891 439 1936 captivus
467 1892 501 1926 in
528 1892 673 1928 civitate
693 1893 819 1928 Ninive
840 1894 953 1929 semel
978 1894 1147 1940 fatigatus
1166 1904 1223 1929 se-

48 1953 194 1997 pultura
215 1951 322 1986 unius
341 1951 395 1985 sui
416 1951 550 1986 hebraei
571 1952 757 1997 interfecti,
780 1953 867 1987 dum
890 1953 997 1988 vellet
1012 1964 1143 1999 parum
1164 1964 1223 1989 re-

48 2012 237 2057 quiescere
265 2015 425 2046 stercora
453 2011 566 2046 calida
586 2011 821 2046 hirundinum
848 2012 1058 2048 ceciderunt
1080 2013 1113 2048 in
1133 2024 1222 2049 ocu-

49 2072 100 2107 los
127 2072 205 2107 eius
232 2075 267 2107 et
295 2072 409 2106 sactus
436 2074 489 2106 est
517 2081 645 2106 caeeus.
675 2071 742 2106 Sed
779 2072 907 2107 Tobias
939 2073 973 2107 in
1004 2073 1224 2110 adversitate

50 2142 114 2167 sua
143 2132 423 2177 patientissimus
446 2142 589 2176 semper
610 2132 745 2177 gratias
765 2132 837 2178 egit
857 2133 942 2168 Deo.
964 2133 1123 2169 Tandem
1143 2145 1223 2171 cre-

113 2248 138 2276 (']
158 2247 185 2271 E.
205 2248 272 2270 neus
290 2248 365 2270 Pater
382 2248 544 2277 omnipotens
561 2248 714 2271 ambutabai.

112 2284 139 2314 (⁵)
157 2288 178 2313 h,
197 2285 343 2315 sapientiam
361 2288 386 2309 ei
403 2287 588 2316 operationem.

114 2322 140 2353 (⁸)
157 2323 180 2346 S.
199 2324 270 2352 idest,
288 2324 480 2353 minirum—4,
498 2325 556 2348 inde
574 2325 691 2348 mittitur.
