1737 2836
375 238 511 264 CANTL'S
538 239 728 264 VIGESIMUS
755 238 895 263 PRIMUS.
1171 233 1213 264 15

48 311 139 346 viter
166 311 295 355 dicam,
316 310 550 356 Augustinus,
570 311 824 356 Hieronymus,
847 309 1010 354 Rufinus,
1030 309 1214 353 llorosius,

47 374 81 406 et
109 370 229 406 caeteri
257 370 292 404 in
320 371 387 404 boc
415 369 645 404 concordant.
679 369 747 405 Sed
780 370 873 405 bene
899 369 1018 404 divina
1047 369 1215 404 maiestas

47 430 96 466 sic
123 430 246 465 statuit
273 432 419 475 propter
446 432 593 474 peccata
616 429 839 474 judaeorum,
867 429 952 474 quia
985 428 1030 464 de
1064 428 1216 463 inimicis

47 489 137 525 meis
164 489 357 524 vindictam
378 488 518 523 faciam.
534 507 581 512 —
602 490 720 522 Ταηίο.
742 488 804 523 Hic
823 488 956 523 Statius
975 488 1059 533 quia
1079 487 1215 523 descri-

47 552 166 595 pserat
196 559 234 584 se
260 559 281 584 a
309 548 416 583 nobili
445 547 602 591 scientia,
626 547 795 582 describit
813 557 851 582 se
869 558 890 582 a
909 548 1011 582 suavi
1039 548 1215 592 eloquen-

47 608 105 653 tia,
133 608 273 644 dicens:
307 610 415 642 Tamo
444 608 483 652 fn
516 608 612 641 dolce
643 608 711 641 mio
745 607 860 640 vocale
884 608 1004 650 spirto.
1033 607 1095 641 Hic
1122 607 1216 652 capit

47 668 211 714 spiritum
247 671 355 713 prout
378 663 412 711 ζ’)
442 666 607 702 accidens
641 667 797 712 syllabae,
826 666 928 710 quasi
956 665 1066 700 dicat:
1103 676 1214 701 sonus

46 727 144 762 vocis
176 737 268 761 meae
304 730 339 762 et
374 726 676 771 pronuntiationis
709 736 793 760 cum
827 735 960 771 magna
994 725 1214 770 eloquentia,

47 797 130 832 quae
156 790 254 832 patet
282 796 325 821 ex
353 786 524 831 operibus
551 785 641 829 eius,
660 785 704 820 de
724 795 794 829 qua
814 784 897 819 dicit
912 780 948 828 (²)
977 784 1160 819 Juvenalis
1180 784 1215 818 in

47 846 191 892 Satyra:
224 847 386 881 Cary-ilar
416 847 464 880 acl
499 856 613 879 vocem
635 846 831 888 jucundam
863 848 894 879 el
926 854 1068 878 carmen
1095 845 1215 879 amicte

52 906 252 949 Thebaidos,
279 907 392 940 laetam
431 915 505 939 cum
542 906 622 949 fecit
659 906 785 938 Statius
825 904 954 947 urbem,
987 905 1216 947 Promisilqzce

45 966 158 1009 diem,-
186 968 283 999 lanta
314 965 490 999 dulcedine
521 968 639 1008 captos
666 966 774 1007 Affifflt
798 965 852 998 ille
880 965 1014 997 animos
1040 966 1106 997 etc.
1138 964 1215 1006 Che,

47 1027 157 1060 Roma
185 1026 343 1059 {rossemi
376 1025 545 1058 Tolosano
572 1034 593 1057 α
619 1035 664 1057 se.
694 1023 774 1057 Fuit
796 1023 891 1058 enim
915 1022 1049 1057 Statius
1076 1022 1216 1068 origine

46 1084 90 1120 de
117 1084 224 1119 nobili
260 1084 399 1127 Tolosa,
433 1093 515 1128 quae
548 1086 601 1118 est
633 1083 758 1118 civitas
792 1083 826 1116 in
858 1082 1043 1127 provincia
1074 1082 1215 1116 Narbo-

47 1144 160 1189 nensi,
188 1143 284 1179 unde
311 1144 407 1179 venit
434 1143 587 1178 Romam
617 1146 783 1188 tempore
806 1142 1022 1187 Vespasiani,
1043 1145 1078 1177 et
1098 1152 1216 1186 usque

46 1202 80 1237 in
109 1206 274 1248 tempora
306 1202 495 1237 Domitiani
532 1202 709 1247 pervenit,
739 1201 798 1236 ubi
830 1201 957 1236 enituit
989 1201 1108 1246 fulgor
1139 1201 1214 1236 elo-

46 1263 204 1311 quentiae
230 1273 316 1297 snae.
345 1262 445 1297 Unde
472 1261 573 1296 dicit:
601 1263 687 1296 (Iove
706 1262 829 1295 merlai
847 1262 876 1294 le
893 1261 1011 1304 tempie
1037 1270 1150 1294 ornat·
1179 1261 1217 1295 dt

47 1323 159 1356 mirlo.
187 1322 295 1364 Quasi
322 1321 438 1357 dicat:
475 1321 523 1355 sui
551 1323 747 1356 coronatus
775 1319 905 1354 merito
939 1319 1064 1353 fronde
1092 1318 1213 1364 myrti,

47 1391 130 1426 quae
156 1384 209 1417 est
236 1381 346 1416 arbor
373 1381 484 1415 calida
512 1381 680 1424 multum,
699 1379 744 1414 ad
765 1378 1014 1414 denotandum
1044 1378 1214 1413 ardorem

47 1440 177 1486 ingenii
206 1440 345 1486 poetici.
377 1440 496 1474 Multae
531 1443 652 1474 tamen
683 1442 787 1474 erant
817 1438 902 1473 olim
937 1434 1132 1481 coronae‘ff‘)
1172 1438 1217 1473 de

47 1499 178 1544 quibus
205 1499 345 1534 dicetur
373 1499 490 1544 primo
517 1498 674 1543 capitulo
701 1497 870 1532 Paradisi.
891 1497 1027 1532 Deinde
1045 1497 1215 1532 describit

46 1569 85 1594 Se
111 1569 131 1594 a
160 1559 305 1594 nomine
332 1558 477 1604 proprio
505 1558 645 1593 dicens:
674 1559 708 1592 [α
730 1561 827 1601 yeme
847 1567 957 1591 (mcor
985 1559 1032 1591 mi
1058 1567 1163 1590 noum
1182 1557 1219 1591 di

47 1611 94 1660 Ιὰ,
121 1616 265 1662 scilicet,
293 1617 328 1651 in
356 1616 492 1651 mundo
520 1616 740 1651 viventium:
761 1619 797 1651 et
823 1615 873 1650 sic
892 1616 1052 1660 loquitur
1071 1615 1215 1660 Statius,

47 1676 132 1721 quia
166 1676 297 1711 Dantes
331 1680 409 1711 erat
443 1676 488 1710 ibi
524 1676 650 1720 vivus3
690 1678 818 1711 Stazzsso.
846 1676 920 1710 Hoc
949 1685 1081 1710 nomen
1112 1678 1218 1710 sonat

47 1735 229 1781 effectum,
258 1735 343 1781 quia
371 1735 465 1771 stetit
492 1735 551 1770 diu
580 1735 745 1770 occultus
771 1734 987 1770 christianus
1017 1734 1051 1768 in
1081 1734 1152 1768 vita
1181 1737 1218 1769 et

48 1798 126 1840 post
153 1799 310 1830 mortem
339 1795 434 1829 stetit
461 1806 525 1840 per
553 1798 603 1829 tot
631 1795 772 1838 secula,
795 1797 830 1829 et
853 1793 945 1828 sicut
973 1793 1141 1839 Virgilius
1163 1793 1216 1828 di-

48 1857 126 1889 ctus
153 1858 206 1889 est
232 1864 253 1888 a
280 1854 393 1899 virga,
422 1854 468 1888 ita
496 1854 628 1888 Statius
655 1853 771 1888 dictus
803 1856 856 1888 est
889 1853 1059 1887 surculus
1085 1863 1106 1887 a
1134 1864 1217 1887 sur-

48 1914 141 1958 culo,
169 1913 252 1958 quia
272 1908 305 1957 ᾖ)
335 1913 428 1948 idem
460 1916 574 1948 sonat.
610 1913 745 1948 Deinde
772 1912 904 1947 Statius
931 1912 1100 1946 describit
1131 1922 1169 1946 se
1196 1923 1215 1946 a

48 1973 177 2019 duplici
206 1973 357 2008 materia
384 1973 428 2007 de
456 1983 527 2017 qua
556 1972 705 2017 scripsit,
733 1972 874 2007 dicens:
902 1972 1019 2005 camai
1049 1972 1084 2005 cli
1122 1971 1217 2013 Tebe,

48 2032 149 2077 idest,
168 2031 308 2077 poetice
334 2031 504 2076 descripsi
526 2031 715 2066 materiam
740 2031 955 2065 thebanam:
976 2040 1058 2064 nam
1082 2029 1217 2065 Statius

49 2091 174 2126 videns
196 2091 454 2126 dissensionem
475 2101 553 2126 esse
573 2090 665 2125 inter
684 2090 803 2124 Titum
824 2093 859 2125 et
878 2089 1123 2125 Domitianum
1146 2089 1218 2124 sra-

49 2153 122 2186 tres
147 2151 342 2196 assumpsit
367 2150 411 2185 ad
440 2150 712 2185 instructionem
741 2159 869 2185 eorum
894 2150 987 2184 hanc
1007 2158 1217 2184 memoran-

112 2243 137 2271 ζ’)
156 2242 183 2265 Ε.
201 2245 277 2272 prout
294 2245 332 2265 est
349 2243 473 2265 accidens.
701 2242 726 2270 (Ἴ
746 2242 772 2265 Ε.
792 2242 853 2264 dixit
871 2241 1000 2264 Juvenalis
1019 2242 1042 2264 in
1061 2241 1150 2270 Satyra
1163 2241 1216 2264 vn.

111 2279 136 2308 (⁸)
154 2280 182 2303 E.
200 2287 301 2303 coronae
319 2282 432 2310 poeticae,
450 2280 481 2303 de
498 2280 598 2310 quibus.
701 2280 726 2309 (³)
747 2280 773 2303 E.
791 2280 858 2309 quod
876 2282 914 2303 est
930 2282 955 2302 et
973 2282 1044 2302 sonat
1062 2279 1137 2301 idem.
