<?xml version="1.0" encoding="UTF-8"?>
<!DOCTYPE html PUBLIC "-//W3C//DTD XHTML 1.0 Transitional//EN"
    "http://www.w3.org/TR/xhtml1/DTD/xhtml1-transitional.dtd">
<html xmlns="http://www.w3.org/1999/xhtml" xml:lang="en" lang="en">
 <head>
  <title>
</title>
<meta http-equiv="Content-Type" content="text/html;charset=utf-8" />
  <meta name='ocr-system' content='tesseract 3.04.00' />
  <meta name='ocr-capabilities' content='ocr_page ocr_carea ocr_par ocr_line ocrx_word'/>
</head>
<body>
  <div class='ocr_page' id='page_1' title='image "./comentumsuperdan04benvuoft_0060.png"; bbox 0 0 1766 2856; ppageno 0'>
   <div class='ocr_carea' id='block_1_1' title="bbox 538 247 1350 280">
    <p class='ocr_par' dir='ltr' id='par_1_1' title="bbox 538 247 1350 280">
     <span class='ocr_line' id='line_1_1' title="bbox 538 247 1350 280; baseline -0.002 -1"><span class='ocrx_word' id='word_1_1' title='bbox 538 247 583 280; x_wconf 68' lang='lat'>48</span> <span class='ocrx_word' id='word_1_2' title='bbox 903 254 1104 279; x_wconf 84' lang='lat' dir='ltr'><strong>COMENTUM</strong></span> <span class='ocrx_word' id='word_1_3' title='bbox 1132 253 1350 279; x_wconf 70' lang='lat' dir='ltr'>PURGATonn</span> 
     </span>
    </p>
   </div>
   <div class='ocr_carea' id='block_1_2' title="bbox 533 325 1712 2223">
    <p class='ocr_par' dir='ltr' id='par_1_2' title="bbox 533 325 1712 2223">
     <span class='ocr_line' id='line_1_2' title="bbox 536 325 1709 373; baseline -0.002 -10"><span class='ocrx_word' id='word_1_4' title='bbox 536 328 620 373; x_wconf 82' lang='lat' dir='ltr'>quis</span> <span class='ocrx_word' id='word_1_5' title='bbox 646 328 866 372; x_wconf 78' lang='lat' dir='ltr'>loquebatur</span> <span class='ocrx_word' id='word_1_6' title='bbox 894 326 952 370; x_wconf 80' lang='lat' dir='ltr'>ibi,</span> <span class='ocrx_word' id='word_1_7' title='bbox 980 326 1041 361; x_wconf 88' lang='lat' dir='ltr'>sed</span> <span class='ocrx_word' id='word_1_8' title='bbox 1071 326 1217 370; x_wconf 83' lang='lat' dir='ltr'>frustra,</span> <span class='ocrx_word' id='word_1_9' title='bbox 1240 325 1417 370; x_wconf 84' lang='lat' dir='ltr'>quianon</span> <span class='ocrx_word' id='word_1_10' title='bbox 1440 329 1580 370; x_wconf 88' lang='lat' dir='ltr'>poterat</span> <span class='ocrx_word' id='word_1_11' title='bbox 1608 326 1709 361; x_wconf 91' lang='lat' dir='ltr'>illum</span> 
     </span>
     <span class='ocr_line' id='line_1_3' title="bbox 539 385 1710 434; baseline -0.003 -10"><span class='ocrx_word' id='word_1_12' title='bbox 539 398 780 434; x_wconf 79' lang='lat' dir='ltr'>cognoscere3</span> <span class='ocrx_word' id='word_1_13' title='bbox 810 387 889 422; x_wconf 89' lang='lat' dir='ltr'>ideo</span> <span class='ocrx_word' id='word_1_14' title='bbox 917 386 1010 421; x_wconf 90' lang='lat' dir='ltr'>bene</span> <span class='ocrx_word' id='word_1_15' title='bbox 1043 386 1213 432; x_wconf 80' lang='lat' dir='ltr'>Virgilius</span> <span class='ocrx_word' id='word_1_16' title='bbox 1241 385 1425 421; x_wconf 74' lang='lat' dir='ltr'>revocavit</span> <span class='ocrx_word' id='word_1_17' title='bbox 1454 395 1540 420; x_wconf 88' lang='lat' dir='ltr'>eum</span> <span class='ocrx_word' id='word_1_18' title='bbox 1568 386 1710 421; x_wconf 87' lang='lat' dir='ltr'>dicens:</span> 
     </span>
     <span class='ocr_line' id='line_1_4' title="bbox 538 442 1711 492; baseline -0.003 -9"><span class='ocrx_word' id='word_1_19' title='bbox 538 450 570 483; x_wconf 83' lang='lat' dir='ltr'>Io</span> <span class='ocrx_word' id='word_1_20' title='bbox 594 446 654 492; x_wconf 77' lang='grc' dir='ltr'>ριίὶ</span> <span class='ocrx_word' id='word_1_21' title='bbox 676 449 733 482; x_wconf 77' lang='lat' dir='ltr'>che</span> <span class='ocrx_word' id='word_1_22' title='bbox 748 447 874 491; x_wconf 76' lang='lat' dir='ltr'>padre,</span> <span class='ocrx_word' id='word_1_23' title='bbox 894 446 995 491; x_wconf 81' lang='lat' dir='ltr'>idest,</span> <span class='ocrx_word' id='word_1_24' title='bbox 1018 446 1187 492; x_wconf 84' lang='lat' dir='ltr'>Virgilius</span> <span class='ocrx_word' id='word_1_25' title='bbox 1206 449 1408 491; x_wconf 73' lang='lat' dir='ltr'>praeceptor</span> <span class='ocrx_word' id='word_1_26' title='bbox 1426 442 1474 489; x_wconf 59' lang='lat'>(¹),</span> <span class='ocrx_word' id='word_1_27' title='bbox 1497 445 1711 481; x_wconf 81' lang='lat' dir='ltr'>informator</span> 
     </span>
     <span class='ocr_line' id='line_1_5' title="bbox 539 506 1710 552; baseline -0.002 -11"><span class='ocrx_word' id='word_1_28' title='bbox 539 507 649 542; x_wconf 87' lang='lat' dir='ltr'>animi</span> <span class='ocrx_word' id='word_1_29' title='bbox 670 506 739 541; x_wconf 89' lang='lat' dir='ltr'>mei</span> <span class='ocrx_word' id='word_1_30' title='bbox 762 506 875 552; x_wconf 82' lang='lat' dir='ltr'>magis</span> <span class='ocrx_word' id='word_1_31' title='bbox 890 506 1062 541; x_wconf 86' lang='lat' dir='ltr'>colendus</span> <span class='ocrx_word' id='word_1_32' title='bbox 1082 516 1193 551; x_wconf 89' lang='lat' dir='ltr'>quam</span> <span class='ocrx_word' id='word_1_33' title='bbox 1215 509 1329 551; x_wconf 79' lang='lat' dir='ltr'>pater,</span> <span class='ocrx_word' id='word_1_34' title='bbox 1349 506 1394 539; x_wconf 67' lang='lat' dir='ltr'>me?</span> <span class='ocrx_word' id='word_1_35' title='bbox 1412 506 1529 540; x_wconf 68' lang='lat' dir='ltr'>clicea:</span> <span class='ocrx_word' id='word_1_36' title='bbox 1546 506 1710 549; x_wconf 68' lang='lat' dir='ltr'>fiylz&#39;uole,</span> 
     </span>
     <span class='ocr_line' id='line_1_6' title="bbox 540 565 1710 612; baseline -0.003 -10"><span class='ocrx_word' id='word_1_37' title='bbox 540 567 640 612; x_wconf 79' lang='lat' dir='ltr'>idest,</span> <span class='ocrx_word' id='word_1_38' title='bbox 668 577 690 602; x_wconf 93' lang='lat' dir='ltr'>o</span> <span class='ocrx_word' id='word_1_39' title='bbox 725 567 771 601; x_wconf 85' lang='lat' dir='ltr'>fili</span> <span class='ocrx_word' id='word_1_40' title='bbox 805 567 866 611; x_wconf 84' lang='lat' dir='ltr'>mi,</span> <span class='ocrx_word' id='word_1_41' title='bbox 899 568 976 601; x_wconf 76' lang='lat' dir='ltr'>veni</span> <span class='ocrx_word' id='word_1_42' title='bbox 1008 568 1090 610; x_wconf 68' lang='lat'><em>0992*</em></span> <span class='ocrx_word' id='word_1_43' title='bbox 1120 567 1202 610; x_wconf 74' lang='lat' dir='ltr'>mai,</span> <span class='ocrx_word' id='word_1_44' title='bbox 1245 565 1329 610; x_wconf 88' lang='lat' dir='ltr'>quia</span> <span class='ocrx_word' id='word_1_45' title='bbox 1366 576 1436 600; x_wconf 93' lang='lat' dir='ltr'>non</span> <span class='ocrx_word' id='word_1_46' title='bbox 1469 568 1523 600; x_wconf 84' lang='lat' dir='ltr'>est</span> <span class='ocrx_word' id='word_1_47' title='bbox 1555 565 1710 610; x_wconf 87' lang='lat' dir='ltr'>amplius</span> 
     </span>
     <span class='ocr_line' id='line_1_7' title="bbox 539 625 1710 670; baseline -0.002 -9"><span class='ocrx_word' id='word_1_48' title='bbox 539 626 707 662; x_wconf 87' lang='lat' dir='ltr'>standum</span> <span class='ocrx_word' id='word_1_49' title='bbox 740 626 816 670; x_wconf 85' lang='lat' dir='ltr'>hic;</span> <span class='ocrx_word' id='word_1_50' title='bbox 853 629 888 661; x_wconf 88' lang='lat' dir='ltr'>et</span> <span class='ocrx_word' id='word_1_51' title='bbox 919 636 1004 661; x_wconf 87' lang='lat' dir='ltr'>ecce</span> <span class='ocrx_word' id='word_1_52' title='bbox 1039 636 1187 661; x_wconf 83' lang='lat' dir='ltr'>causam</span> <span class='ocrx_word' id='word_1_53' title='bbox 1225 625 1351 660; x_wconf 81' lang='lat' dir='ltr'>utilem</span> <span class='ocrx_word' id='word_1_54' title='bbox 1386 628 1421 660; x_wconf 82' lang='lat' dir='ltr'>et</span> <span class='ocrx_word' id='word_1_55' title='bbox 1455 625 1710 669; x_wconf 87' lang='lat' dir='ltr'>necessariam,</span> 
     </span>
     <span class='ocr_line' id='line_1_8' title="bbox 540 684 1710 730; baseline -0.003 -8"><span class='ocrx_word' id='word_1_56' title='bbox 540 685 600 722; x_wconf 65' lang='lat' dir='ltr'>che*</span> <span class='ocrx_word' id='word_1_57' title='bbox 612 688 636 721; x_wconf 69' lang='lat' dir='ltr'>’l</span> <span class='ocrx_word' id='word_1_58' title='bbox 660 690 769 730; x_wconf 74' lang='lat' dir='ltr'>tempo</span> <span class='ocrx_word' id='word_1_59' title='bbox 788 687 845 720; x_wconf 77' lang='lat' dir='ltr'>che</span> <span class='ocrx_word' id='word_1_60' title='bbox 867 688 899 721; x_wconf 80' lang='grc' dir='ltr'>η’</span> <span class='ocrx_word' id='word_1_61' title='bbox 916 684 934 720; x_wconf 72' lang='grc' dir='ltr'>θ’</span> <span class='ocrx_word' id='word_1_62' title='bbox 948 690 1061 730; x_wconf 76' lang='lat' dir='ltr'>poslo,</span> <span class='ocrx_word' id='word_1_63' title='bbox 1088 686 1132 721; x_wconf 89' lang='lat' dir='ltr'>de</span> <span class='ocrx_word' id='word_1_64' title='bbox 1162 696 1236 730; x_wconf 87' lang='lat' dir='ltr'>quo</span> <span class='ocrx_word' id='word_1_65' title='bbox 1259 685 1441 720; x_wconf 91' lang='lat' dir='ltr'>modicum</span> <span class='ocrx_word' id='word_1_66' title='bbox 1464 688 1574 721; x_wconf 84' lang='lat' dir='ltr'>restat</span> <span class='ocrx_word' id='word_1_67' title='bbox 1596 685 1710 729; x_wconf 89' lang='lat' dir='ltr'>nobis,</span> 
     </span>
     <span class='ocr_line' id='line_1_9' title="bbox 535 744 1711 791; baseline -0.002 -10"><span class='ocrx_word' id='word_1_68' title='bbox 535 745 596 791; x_wconf 72' lang='grc' dir='ltr'>ρίιί</span> <span class='ocrx_word' id='word_1_69' title='bbox 624 748 792 781; x_wconf 74' lang='lat' dir='ltr'>ulilmenle</span> <span class='ocrx_word' id='word_1_70' title='bbox 819 748 1011 790; x_wconf 77' lang='lat' dir='ltr'>compartz&#39;r</span> <span class='ocrx_word' id='word_1_71' title='bbox 1038 747 1068 780; x_wconf 72' lang='lat' dir='ltr'>si</span> <span class='ocrx_word' id='word_1_72' title='bbox 1101 747 1209 789; x_wconf 66' lang='lat' dir='ltr'>mole„</span> <span class='ocrx_word' id='word_1_73' title='bbox 1237 745 1323 790; x_wconf 86' lang='lat' dir='ltr'>quia</span> <span class='ocrx_word' id='word_1_74' title='bbox 1350 746 1465 780; x_wconf 84' lang='lat' dir='ltr'>multa</span> <span class='ocrx_word' id='word_1_75' title='bbox 1493 748 1628 781; x_wconf 82' lang='lat' dir='ltr'>restant</span> <span class='ocrx_word' id='word_1_76' title='bbox 1656 744 1711 779; x_wconf 91' lang='lat' dir='ltr'>vi—</span> 
     </span>
     <span class='ocr_line' id='line_1_10' title="bbox 539 804 1709 850; baseline -0.002 -9"><span class='ocrx_word' id='word_1_77' title='bbox 539 806 666 850; x_wconf 85' lang='lat' dir='ltr'>denda,</span> <span class='ocrx_word' id='word_1_78' title='bbox 687 816 769 850; x_wconf 78' lang='lat' dir='ltr'>quae</span> <span class='ocrx_word' id='word_1_79' title='bbox 791 805 1013 841; x_wconf 90' lang='lat' dir='ltr'>ambulando</span> <span class='ocrx_word' id='word_1_80' title='bbox 1033 805 1233 850; x_wconf 77' lang='lat' dir='ltr'>poterimus</span> <span class='ocrx_word' id='word_1_81' title='bbox 1253 805 1500 850; x_wconf 86' lang='lat' dir='ltr'>contemplari.</span> <span class='ocrx_word' id='word_1_82' title='bbox 1517 807 1625 839; x_wconf 88' lang='grc' dir='ltr'><em>-Ιο.</em></span> <span class='ocrx_word' id='word_1_83' title='bbox 1646 804 1709 839; x_wconf 86' lang='lat' dir='ltr'>Hic</span> 
     </span>
     <span class='ocr_line' id='line_1_11' title="bbox 538 864 1712 912; baseline -0.002 -11"><span class='ocrx_word' id='word_1_84' title='bbox 538 870 642 912; x_wconf 83' lang='lat' dir='ltr'>poeta</span> <span class='ocrx_word' id='word_1_85' title='bbox 670 866 824 901; x_wconf 78' lang='lat' dir='ltr'>ostendit</span> <span class='ocrx_word' id='word_1_86' title='bbox 851 865 1007 910; x_wconf 74' lang='lat' dir='ltr'>qualiter</span> <span class='ocrx_word' id='word_1_87' title='bbox 1030 865 1188 900; x_wconf 88' lang='lat' dir='ltr'>monitus</span> <span class='ocrx_word' id='word_1_88' title='bbox 1208 876 1228 900; x_wconf 90' lang='lat' dir='ltr'>a</span> <span class='ocrx_word' id='word_1_89' title='bbox 1249 865 1397 911; x_wconf 80' lang='lat' dir='ltr'>Virgilio</span> <span class='ocrx_word' id='word_1_90' title='bbox 1419 865 1567 900; x_wconf 78' lang='lat' dir='ltr'>recessit</span> <span class='ocrx_word' id='word_1_91' title='bbox 1585 864 1632 899; x_wconf 89' lang='lat' dir='ltr'>ab</span> <span class='ocrx_word' id='word_1_92' title='bbox 1650 874 1712 899; x_wconf 87' lang='lat' dir='ltr'>ar-</span> 
     </span>
     <span class='ocr_line' id='line_1_12' title="bbox 537 923 1710 971; baseline -0.002 -11"><span class='ocrx_word' id='word_1_93' title='bbox 537 926 627 961; x_wconf 83' lang='lat' dir='ltr'>bore</span> <span class='ocrx_word' id='word_1_94' title='bbox 654 929 689 960; x_wconf 91' lang='lat' dir='ltr'>et</span> <span class='ocrx_word' id='word_1_95' title='bbox 715 925 864 960; x_wconf 86' lang='lat' dir='ltr'>accessit</span> <span class='ocrx_word' id='word_1_96' title='bbox 890 925 935 960; x_wconf 88' lang='lat' dir='ltr'>ad</span> <span class='ocrx_word' id='word_1_97' title='bbox 967 925 1124 971; x_wconf 81' lang='lat' dir='ltr'>spiritus,</span> <span class='ocrx_word' id='word_1_98' title='bbox 1158 925 1220 970; x_wconf 87' lang='lat' dir='ltr'>qui</span> <span class='ocrx_word' id='word_1_99' title='bbox 1248 925 1500 970; x_wconf 76' lang='lat' dir='ltr'>purgabantur</span> <span class='ocrx_word' id='word_1_100' title='bbox 1533 924 1590 959; x_wconf 92' lang='lat' dir='ltr'>ibi.</span> <span class='ocrx_word' id='word_1_101' title='bbox 1620 923 1710 959; x_wconf 82' lang='lat' dir='ltr'>Dicit</span> 
     </span>
     <span class='ocr_line' id='line_1_13' title="bbox 538 984 1709 1031; baseline -0.002 -11"><span class='ocrx_word' id='word_1_102' title='bbox 538 995 626 1031; x_wconf 76' lang='lat' dir='ltr'>ergo</span> <span class='ocrx_word' id='word_1_103' title='bbox 647 985 787 1020; x_wconf 79' lang='lat' dir='ltr'>statim:</span> <span class='ocrx_word' id='word_1_104' title='bbox 811 987 850 1019; x_wconf 90' lang='lat' dir='ltr'>Io</span> <span class='ocrx_word' id='word_1_105' title='bbox 871 986 956 1019; x_wconf 72' lang='lat' dir='ltr'>volsi</span> <span class='ocrx_word' id='word_1_106' title='bbox 975 987 1000 1019; x_wconf 71' lang='lat' dir='ltr'>il</span> <span class='ocrx_word' id='word_1_107' title='bbox 1020 987 1106 1026; x_wconf 73' lang='lat' dir='ltr'>vise,</span> <span class='ocrx_word' id='word_1_108' title='bbox 1129 985 1274 1028; x_wconf 81' lang='lat' dir='ltr'>scilicet,</span> <span class='ocrx_word' id='word_1_109' title='bbox 1296 984 1503 1028; x_wconf 80' lang='lat' dir='ltr'>mentalem,</span> <span class='ocrx_word' id='word_1_110' title='bbox 1524 985 1575 1018; x_wconf 84' lang='lat' dir='ltr'>e&#39;l</span> <span class='ocrx_word' id='word_1_111' title='bbox 1588 994 1709 1028; x_wconf 52' lang='lat' dir='ltr'>passo,</span> 
     </span>
     <span class='ocr_line' id='line_1_14' title="bbox 537 1043 1711 1090; baseline -0.003 -10"><span class='ocrx_word' id='word_1_112' title='bbox 537 1045 640 1089; x_wconf 81' lang='lat' dir='ltr'>idest,</span> <span class='ocrx_word' id='word_1_113' title='bbox 668 1055 879 1090; x_wconf 80' lang='lat' dir='ltr'>processum</span> <span class='ocrx_word' id='word_1_114' title='bbox 907 1045 951 1079; x_wconf 86' lang='lat' dir='ltr'>ad</span> <span class='ocrx_word' id='word_1_115' title='bbox 979 1044 1075 1079; x_wconf 86' lang='lat' dir='ltr'>aliud</span> <span class='ocrx_word' id='word_1_116' title='bbox 1112 1043 1423 1090; x_wconf 85' lang='lat' dir='ltr'>pertractandum,</span> <span class='ocrx_word' id='word_1_117' title='bbox 1452 1054 1519 1078; x_wconf 77' lang='lat' dir='ltr'>non</span> <span class='ocrx_word' id='word_1_118' title='bbox 1554 1054 1630 1078; x_wconf 79' lang='lat' dir='ltr'>men</span> <span class='ocrx_word' id='word_1_119' title='bbox 1658 1047 1711 1078; x_wconf 77' lang='lat' dir='ltr'>lo-</span> 
     </span>
     <span class='ocr_line' id='line_1_15' title="bbox 537 1103 1710 1150; baseline -0.001 -11"><span class='ocrx_word' id='word_1_120' title='bbox 537 1109 603 1149; x_wconf 62' lang='grc' dir='ltr'>ςέο,</span> <span class='ocrx_word' id='word_1_121' title='bbox 631 1105 733 1150; x_wconf 87' lang='lat' dir='ltr'>qnasi</span> <span class='ocrx_word' id='word_1_122' title='bbox 752 1105 866 1140; x_wconf 88' lang='lat' dir='ltr'>dicat:</span> <span class='ocrx_word' id='word_1_123' title='bbox 887 1105 1026 1140; x_wconf 88' lang='lat' dir='ltr'>removi</span> <span class='ocrx_word' id='word_1_124' title='bbox 1047 1105 1182 1150; x_wconf 84' lang='lat' dir='ltr'>pariter</span> <span class='ocrx_word' id='word_1_125' title='bbox 1201 1104 1349 1139; x_wconf 87' lang='lat' dir='ltr'>oculum</span> <span class='ocrx_word' id='word_1_126' title='bbox 1370 1107 1404 1139; x_wconf 89' lang='lat' dir='ltr'>et</span> <span class='ocrx_word' id='word_1_127' title='bbox 1428 1103 1555 1148; x_wconf 90' lang='lat' dir='ltr'>pedem</span> <span class='ocrx_word' id='word_1_128' title='bbox 1575 1103 1620 1138; x_wconf 85' lang='lat' dir='ltr'>ab</span> <span class='ocrx_word' id='word_1_129' title='bbox 1647 1114 1710 1138; x_wconf 85' lang='lat' dir='ltr'>ar—</span> 
     </span>
     <span class='ocr_line' id='line_1_16' title="bbox 538 1163 1708 1210; baseline -0.003 -10"><span class='ocrx_word' id='word_1_130' title='bbox 538 1166 638 1209; x_wconf 90' lang='lat' dir='ltr'>bore,</span> <span class='ocrx_word' id='word_1_131' title='bbox 654 1175 821 1209; x_wconf 75' lang='lat' dir='ltr'>appresso</span> <span class='ocrx_word' id='word_1_132' title='bbox 848 1166 965 1207; x_wconf 71' lang='lat' dir='ltr'>isari,</span> <span class='ocrx_word' id='word_1_133' title='bbox 988 1164 1132 1209; x_wconf 87' lang='lat' dir='ltr'>scilieet,</span> <span class='ocrx_word' id='word_1_134' title='bbox 1156 1164 1346 1210; x_wconf 77' lang='lat' dir='ltr'>Virgilium</span> <span class='ocrx_word' id='word_1_135' title='bbox 1374 1167 1409 1198; x_wconf 89' lang='lat' dir='ltr'>et</span> <span class='ocrx_word' id='word_1_136' title='bbox 1436 1163 1593 1198; x_wconf 90' lang='lat' dir='ltr'>Statium</span> <span class='ocrx_word' id='word_1_137' title='bbox 1621 1173 1708 1208; x_wconf 87' lang='lat' dir='ltr'>poe—</span> 
     </span>
     <span class='ocr_line' id='line_1_17' title="bbox 538 1223 1708 1270; baseline -0.003 -10"><span class='ocrx_word' id='word_1_138' title='bbox 538 1228 602 1270; x_wconf 85' lang='lat' dir='ltr'>tas,</span> <span class='ocrx_word' id='word_1_139' title='bbox 622 1226 680 1259; x_wconf 75' lang='lat' dir='ltr'>clze</span> <span class='ocrx_word' id='word_1_140' title='bbox 700 1226 880 1269; x_wconf 69' lang='lat' dir='ltr'>pat-laram</span> <span class='ocrx_word' id='word_1_141' title='bbox 899 1226 960 1266; x_wconf 74' lang='lat' dir='ltr'>sie,</span> <span class='ocrx_word' id='word_1_142' title='bbox 979 1224 1079 1269; x_wconf 85' lang='lat' dir='ltr'>idest,</span> <span class='ocrx_word' id='word_1_143' title='bbox 1100 1227 1173 1259; x_wconf 87' lang='lat' dir='ltr'>tam</span> <span class='ocrx_word' id='word_1_144' title='bbox 1194 1223 1348 1258; x_wconf 84' lang='lat' dir='ltr'>dulciter</span> <span class='ocrx_word' id='word_1_145' title='bbox 1375 1226 1411 1258; x_wconf 89' lang='lat' dir='ltr'>et</span> <span class='ocrx_word' id='word_1_146' title='bbox 1437 1223 1708 1268; x_wconf 81' lang='lat' dir='ltr'>delectabiliter,</span> 
     </span>
     <span class='ocr_line' id='line_1_18' title="bbox 538 1282 1708 1329; baseline -0.002 -10"><span class='ocrx_word' id='word_1_147' title='bbox 538 1286 596 1319; x_wconf 67' lang='lat' dir='ltr'>elle</span> <span class='ocrx_word' id='word_1_148' title='bbox 623 1286 670 1319; x_wconf 72' lang='lat' dir='ltr'>mi</span> <span class='ocrx_word' id='word_1_149' title='bbox 692 1286 818 1329; x_wconf 72' lang='lat' dir='ltr'>saeean</span> <span class='ocrx_word' id='word_1_150' title='bbox 847 1285 1000 1319; x_wconf 78' lang='lat' dir='ltr'>l&#39;andar</span> <span class='ocrx_word' id='word_1_151' title='bbox 1027 1288 1120 1318; x_wconf 79' lang='lat' dir='ltr'>costo</span> <span class='ocrx_word' id='word_1_152' title='bbox 1146 1285 1182 1319; x_wconf 69' lang='lat' dir='ltr'>dt</span> <span class='ocrx_word' id='word_1_153' title='bbox 1208 1285 1324 1327; x_wconf 72' lang='lat' dir='ltr'>nullo,-</span> <span class='ocrx_word' id='word_1_154' title='bbox 1347 1282 1448 1327; x_wconf 83' lang='lat' dir='ltr'>quasi</span> <span class='ocrx_word' id='word_1_155' title='bbox 1477 1282 1582 1327; x_wconf 83' lang='lat' dir='ltr'>dicat,</span> <span class='ocrx_word' id='word_1_156' title='bbox 1610 1282 1708 1327; x_wconf 86' lang='lat' dir='ltr'>quod</span> 
     </span>
     <span class='ocr_line' id='line_1_19' title="bbox 538 1342 1709 1387; baseline -0.001 -9"><span class='ocrx_word' id='word_1_157' title='bbox 538 1345 678 1379; x_wconf 84' lang='lat' dir='ltr'>nullum</span> <span class='ocrx_word' id='word_1_158' title='bbox 708 1344 870 1379; x_wconf 87' lang='lat' dir='ltr'>laborem</span> <span class='ocrx_word' id='word_1_159' title='bbox 891 1343 1091 1379; x_wconf 87' lang='lat' dir='ltr'>sentiebam</span> <span class='ocrx_word' id='word_1_160' title='bbox 1112 1343 1146 1378; x_wconf 88' lang='lat' dir='ltr'>in</span> <span class='ocrx_word' id='word_1_161' title='bbox 1165 1343 1304 1387; x_wconf 72' lang='lat' dir='ltr'>eundo,</span> <span class='ocrx_word' id='word_1_162' title='bbox 1333 1346 1368 1377; x_wconf 86' lang='lat' dir='ltr'>et</span> <span class='ocrx_word' id='word_1_163' title='bbox 1397 1342 1539 1385; x_wconf 84' lang='lat' dir='ltr'>merito,</span> <span class='ocrx_word' id='word_1_164' title='bbox 1567 1342 1651 1387; x_wconf 87' lang='lat' dir='ltr'>quia</span> <span class='ocrx_word' id='word_1_165' title='bbox 1674 1342 1709 1377; x_wconf 89' lang='lat' dir='ltr'>in</span> 
     </span>
     <span class='ocr_line' id='line_1_20' title="bbox 538 1401 1706 1449; baseline -0.002 -11"><span class='ocrx_word' id='word_1_166' title='bbox 538 1404 609 1438; x_wconf 75' lang='lat' dir='ltr'>vita</span> <span class='ocrx_word' id='word_1_167' title='bbox 637 1405 790 1449; x_wconf 90' lang='lat' dir='ltr'>populus</span> <span class='ocrx_word' id='word_1_168' title='bbox 818 1414 993 1439; x_wconf 84' lang='lat' dir='ltr'>romanus</span> <span class='ocrx_word' id='word_1_169' title='bbox 1021 1403 1193 1438; x_wconf 85' lang='lat' dir='ltr'>currebat</span> <span class='ocrx_word' id='word_1_170' title='bbox 1221 1402 1387 1438; x_wconf 80' lang='lat' dir='ltr'>certatim</span> <span class='ocrx_word' id='word_1_171' title='bbox 1415 1402 1459 1437; x_wconf 86' lang='lat' dir='ltr'>ad</span> <span class='ocrx_word' id='word_1_172' title='bbox 1484 1401 1706 1436; x_wconf 86' lang='lat' dir='ltr'>audiendum</span> 
     </span>
     <span class='ocr_line' id='line_1_21' title="bbox 536 1461 1708 1508; baseline -0.002 -10"><span class='ocrx_word' id='word_1_173' title='bbox 536 1465 755 1499; x_wconf 85' lang='lat' dir='ltr'>alterutrum</span> <span class='ocrx_word' id='word_1_174' title='bbox 784 1464 937 1498; x_wconf 83' lang='lat' dir='ltr'>istorum</span> <span class='ocrx_word' id='word_1_175' title='bbox 967 1466 1180 1508; x_wconf 71' lang='lat' dir='ltr'>poetarum3</span> <span class='ocrx_word' id='word_1_176' title='bbox 1209 1463 1282 1497; x_wconf 86' lang='lat' dir='ltr'>imo</span> <span class='ocrx_word' id='word_1_177' title='bbox 1302 1462 1406 1497; x_wconf 83' lang='lat' dir='ltr'>hodie</span> <span class='ocrx_word' id='word_1_178' title='bbox 1428 1461 1593 1497; x_wconf 84' lang='lat' dir='ltr'>videmus</span> <span class='ocrx_word' id='word_1_179' title='bbox 1612 1462 1708 1496; x_wconf 89' lang='lat' dir='ltr'>mul-</span> 
     </span>
     <span class='ocr_line' id='line_1_22' title="bbox 536 1521 1708 1559; baseline -0.003 -1"><span class='ocrx_word' id='word_1_180' title='bbox 536 1527 589 1558; x_wconf 86' lang='lat' dir='ltr'>tos</span> <span class='ocrx_word' id='word_1_181' title='bbox 621 1524 725 1558; x_wconf 63' lang='lat' dir='ltr'>avide</span> <span class='ocrx_word' id='word_1_182' title='bbox 756 1533 980 1559; x_wconf 84' lang='lat' dir='ltr'>concurrere</span> <span class='ocrx_word' id='word_1_183' title='bbox 1013 1523 1058 1558; x_wconf 88' lang='lat' dir='ltr'>ad</span> <span class='ocrx_word' id='word_1_184' title='bbox 1094 1522 1317 1557; x_wconf 87' lang='lat' dir='ltr'>audiendum</span> <span class='ocrx_word' id='word_1_185' title='bbox 1352 1521 1461 1556; x_wconf 83' lang='lat' dir='ltr'>libros</span> <span class='ocrx_word' id='word_1_186' title='bbox 1495 1521 1648 1556; x_wconf 83' lang='lat' dir='ltr'>istorum</span> <span class='ocrx_word' id='word_1_187' title='bbox 1681 1521 1708 1556; x_wconf 85' lang='lat' dir='ltr'>si</span> 
     </span>
     <span class='ocr_line' id='line_1_23' title="bbox 536 1580 1708 1628; baseline -0.001 -11"><span class='ocrx_word' id='word_1_188' title='bbox 536 1583 579 1618; x_wconf 88' lang='lat' dir='ltr'>sit</span> <span class='ocrx_word' id='word_1_189' title='bbox 606 1583 733 1627; x_wconf 85' lang='lat' dir='ltr'>aliquis</span> <span class='ocrx_word' id='word_1_190' title='bbox 761 1583 854 1617; x_wconf 86' lang='lat' dir='ltr'>bene</span> <span class='ocrx_word' id='word_1_191' title='bbox 880 1583 1004 1628; x_wconf 77' lang='lat' dir='ltr'>legens</span> <span class='ocrx_word' id='word_1_192' title='bbox 1032 1585 1067 1617; x_wconf 76' lang='lat' dir='ltr'>et</span> <span class='ocrx_word' id='word_1_193' title='bbox 1093 1581 1305 1627; x_wconf 78' lang='lat' dir='ltr'>intelligens.</span> <span class='ocrx_word' id='word_1_194' title='bbox 1327 1582 1368 1615; x_wconf 89' lang='lat' dir='ltr'>Et</span> <span class='ocrx_word' id='word_1_195' title='bbox 1392 1581 1505 1627; x_wconf 79' lang='lat' dir='ltr'>tangit</span> <span class='ocrx_word' id='word_1_196' title='bbox 1524 1580 1708 1625; x_wconf 89' lang='lat' dir='ltr'>quomodo</span> 
     </span>
     <span class='ocr_line' id='line_1_24' title="bbox 536 1637 1707 1687; baseline 0 -11"><span class='ocrx_word' id='word_1_197' title='bbox 536 1637 888 1687; x_wconf 71' lang='lat' dir='ltr'>appropiiiqilavit&lt;²)</span> <span class='ocrx_word' id='word_1_198' title='bbox 918 1641 961 1676; x_wconf 89' lang='lat' dir='ltr'>ad</span> <span class='ocrx_word' id='word_1_199' title='bbox 989 1641 1146 1687; x_wconf 83' lang='lat' dir='ltr'>spiritus,</span> <span class='ocrx_word' id='word_1_200' title='bbox 1175 1641 1259 1686; x_wconf 86' lang='lat' dir='ltr'>quia</span> <span class='ocrx_word' id='word_1_201' title='bbox 1286 1640 1424 1675; x_wconf 68' lang='lat' dir='ltr'>audivit</span> <span class='ocrx_word' id='word_1_202' title='bbox 1450 1651 1581 1685; x_wconf 65' lang='lat' dir='ltr'>vocesg</span> <span class='ocrx_word' id='word_1_203' title='bbox 1610 1640 1707 1676; x_wconf 84' lang='lat' dir='ltr'>unde</span> 
     </span>
     <span class='ocr_line' id='line_1_25' title="bbox 536 1700 1708 1746; baseline -0.001 -10"><span class='ocrx_word' id='word_1_204' title='bbox 536 1702 638 1736; x_wconf 85' lang='lat' dir='ltr'>dicit:</span> <span class='ocrx_word' id='word_1_205' title='bbox 668 1705 698 1735; x_wconf 78' lang='lat' dir='ltr'>ec</span> <span class='ocrx_word' id='word_1_206' title='bbox 722 1712 799 1736; x_wconf 77' lang='lat' dir='ltr'>ecco</span> <span class='ocrx_word' id='word_1_207' title='bbox 825 1703 957 1744; x_wconf 66' lang='lat' dir='ltr'>s‘udz&#39;e,</span> <span class='ocrx_word' id='word_1_208' title='bbox 985 1701 1086 1746; x_wconf 83' lang='lat' dir='ltr'>idest,</span> <span class='ocrx_word' id='word_1_209' title='bbox 1112 1701 1277 1736; x_wconf 75' lang='lat' dir='ltr'>auditum</span> <span class='ocrx_word' id='word_1_210' title='bbox 1307 1700 1384 1744; x_wconf 77' lang='lat' dir='ltr'>snit,</span> <span class='ocrx_word' id='word_1_211' title='bbox 1402 1702 1554 1744; x_wconf 69' lang='lat' dir='ltr'>piangyer</span> <span class='ocrx_word' id='word_1_212' title='bbox 1580 1712 1597 1735; x_wconf 86' lang='lat' dir='ltr'>e</span> <span class='ocrx_word' id='word_1_213' title='bbox 1621 1711 1708 1735; x_wconf 81' lang='lat' dir='ltr'>ccm-</span> 
     </span>
     <span class='ocr_line' id='line_1_26' title="bbox 537 1760 1708 1807; baseline 0 -12"><span class='ocrx_word' id='word_1_214' title='bbox 537 1765 607 1805; x_wconf 70' lang='grc' dir='ltr'>ίαν,</span> <span class='ocrx_word' id='word_1_215' title='bbox 628 1761 713 1806; x_wconf 89' lang='lat' dir='ltr'>quia</span> <span class='ocrx_word' id='word_1_216' title='bbox 734 1761 779 1795; x_wconf 93' lang='lat' dir='ltr'>illi</span> <span class='ocrx_word' id='word_1_217' title='bbox 802 1761 847 1796; x_wconf 90' lang='lat' dir='ltr'>de</span> <span class='ocrx_word' id='word_1_218' title='bbox 873 1761 1084 1807; x_wconf 82' lang='lat' dir='ltr'>purgatorio</span> <span class='ocrx_word' id='word_1_219' title='bbox 1104 1760 1278 1806; x_wconf 81' lang='lat' dir='ltr'>plorando</span> <span class='ocrx_word' id='word_1_220' title='bbox 1298 1764 1455 1805; x_wconf 85' lang='lat' dir='ltr'>cantant,</span> <span class='ocrx_word' id='word_1_221' title='bbox 1475 1763 1509 1795; x_wconf 90' lang='lat' dir='ltr'>et</span> <span class='ocrx_word' id='word_1_222' title='bbox 1528 1760 1708 1795; x_wconf 84' lang='lat' dir='ltr'>cantando</span> 
     </span>
     <span class='ocr_line' id='line_1_27' title="bbox 538 1820 1706 1866; baseline 0 -11"><span class='ocrx_word' id='word_1_223' title='bbox 538 1822 680 1866; x_wconf 87' lang='lat' dir='ltr'>plorant</span> <span class='ocrx_word' id='word_1_224' title='bbox 707 1824 855 1866; x_wconf 84' lang='lat' dir='ltr'>propter</span> <span class='ocrx_word' id='word_1_225' title='bbox 882 1830 982 1866; x_wconf 86' lang='lat' dir='ltr'>spem</span> <span class='ocrx_word' id='word_1_226' title='bbox 1011 1824 1046 1856; x_wconf 88' lang='lat' dir='ltr'>et</span> <span class='ocrx_word' id='word_1_227' title='bbox 1069 1830 1236 1866; x_wconf 64' lang='lat' dir='ltr'>poenam,</span> <span class='ocrx_word' id='word_1_228' title='bbox 1257 1823 1291 1854; x_wconf 87' lang='lat' dir='ltr'>et</span> <span class='ocrx_word' id='word_1_229' title='bbox 1311 1830 1395 1855; x_wconf 91' lang='lat' dir='ltr'>ecce</span> <span class='ocrx_word' id='word_1_230' title='bbox 1414 1820 1499 1865; x_wconf 86' lang='lat' dir='ltr'>quid</span> <span class='ocrx_word' id='word_1_231' title='bbox 1522 1820 1706 1855; x_wconf 85' lang='lat' dir='ltr'>dicebant:</span> 
     </span>
     <span class='ocr_line' id='line_1_28' title="bbox 538 1880 1706 1925; baseline -0.001 -10"><span class='ocrx_word' id='word_1_232' title='bbox 538 1881 644 1915; x_wconf 57' lang='lat' dir='ltr'>Labda</span> <span class='ocrx_word' id='word_1_233' title='bbox 663 1891 751 1924; x_wconf 72' lang='lat' dir='ltr'>mea,</span> <span class='ocrx_word' id='word_1_234' title='bbox 771 1882 931 1923; x_wconf 74' lang='lat' dir='ltr'>Domine,</span> <span class='ocrx_word' id='word_1_235' title='bbox 951 1880 1050 1925; x_wconf 86' lang='lat' dir='ltr'>idest,</span> <span class='ocrx_word' id='word_1_236' title='bbox 1071 1880 1156 1915; x_wconf 86' lang='lat' dir='ltr'>illud</span> <span class='ocrx_word' id='word_1_237' title='bbox 1179 1880 1316 1914; x_wconf 78' lang='lat' dir='ltr'>(licium</span> <span class='ocrx_word' id='word_1_238' title='bbox 1339 1880 1589 1925; x_wconf 83' lang='lat' dir='ltr'>propheticum</span> <span class='ocrx_word' id='word_1_239' title='bbox 1611 1880 1706 1924; x_wconf 88' lang='lat' dir='ltr'>quod</span> 
     </span>
     <span class='ocr_line' id='line_1_29' title="bbox 535 1940 1708 1984; baseline -0.001 -8"><span class='ocrx_word' id='word_1_240' title='bbox 535 1941 580 1976; x_wconf 86' lang='lat' dir='ltr'>ad</span> <span class='ocrx_word' id='word_1_241' title='bbox 621 1950 748 1976; x_wconf 85' lang='lat' dir='ltr'>omnes</span> <span class='ocrx_word' id='word_1_242' title='bbox 784 1940 908 1976; x_wconf 87' lang='lat' dir='ltr'>laudes</span> <span class='ocrx_word' id='word_1_243' title='bbox 943 1940 1080 1975; x_wconf 85' lang='lat' dir='ltr'>divinas</span> <span class='ocrx_word' id='word_1_244' title='bbox 1116 1940 1342 1984; x_wconf 85' lang='lat' dir='ltr'>decantatur,</span> <span class='ocrx_word' id='word_1_245' title='bbox 1379 1940 1525 1984; x_wconf 88' lang='lat' dir='ltr'>scilicet,</span> <span class='ocrx_word' id='word_1_246' title='bbox 1561 1941 1708 1975; x_wconf 75' lang='lat' dir='ltr'>Domine</span> 
     </span>
     <span class='ocr_line' id='line_1_30' title="bbox 537 2001 1706 2044; baseline -0.001 -9"><span class='ocrx_word' id='word_1_247' title='bbox 537 2001 631 2035; x_wconf 77' lang='lat' dir='ltr'>labia</span> <span class='ocrx_word' id='word_1_248' title='bbox 664 2010 740 2034; x_wconf 79' lang='lat' dir='ltr'>mea</span> <span class='ocrx_word' id='word_1_249' title='bbox 776 2001 910 2044; x_wconf 68' lang='lat' dir='ltr'>aperies</span> <span class='ocrx_word' id='word_1_250' title='bbox 937 2004 969 2035; x_wconf 82' lang='lat' dir='ltr'>ec</span> <span class='ocrx_word' id='word_1_251' title='bbox 993 2011 1032 2034; x_wconf 76' lang='lat' dir='ltr'>os</span> <span class='ocrx_word' id='word_1_252' title='bbox 1058 2010 1166 2034; x_wconf 76' lang='lat' dir='ltr'>meum</span> <span class='ocrx_word' id='word_1_253' title='bbox 1195 2001 1412 2034; x_wconf 72' lang='lat' dir='ltr'>annuntiabit</span> <span class='ocrx_word' id='word_1_254' title='bbox 1436 2001 1571 2034; x_wconf 79' lang='lat' dir='ltr'>laudem</span> <span class='ocrx_word' id='word_1_255' title='bbox 1599 2003 1706 2035; x_wconf 78' lang='lat' dir='ltr'>luam.</span> 
     </span>
     <span class='ocr_line' id='line_1_31' title="bbox 533 2059 1706 2106; baseline 0 -12"><span class='ocrx_word' id='word_1_256' title='bbox 533 2060 624 2102; x_wconf 75' lang='lat' dir='ltr'>Quae</span> <span class='ocrx_word' id='word_1_257' title='bbox 651 2060 769 2095; x_wconf 84' lang='lat' dir='ltr'>oratio</span> <span class='ocrx_word' id='word_1_258' title='bbox 797 2060 932 2105; x_wconf 89' lang='lat' dir='ltr'>optime</span> <span class='ocrx_word' id='word_1_259' title='bbox 959 2060 1131 2106; x_wconf 88' lang='lat' dir='ltr'>competit</span> <span class='ocrx_word' id='word_1_260' title='bbox 1157 2059 1292 2106; x_wconf 82' lang='lat' dir='ltr'>gulosis</span> <span class='ocrx_word' id='word_1_261' title='bbox 1319 2059 1404 2104; x_wconf 82' lang='lat' dir='ltr'>istis,</span> <span class='ocrx_word' id='word_1_262' title='bbox 1432 2060 1533 2104; x_wconf 86' lang='lat' dir='ltr'>qnasi</span> <span class='ocrx_word' id='word_1_263' title='bbox 1569 2059 1706 2095; x_wconf 87' lang='lat' dir='ltr'>dicant:</span> 
     </span>
     <span class='ocr_line' id='line_1_32' title="bbox 534 2117 1708 2163; baseline 0.001 -11"><span class='ocrx_word' id='word_1_264' title='bbox 534 2117 642 2152; x_wconf 87' lang='lat' dir='ltr'>Labia</span> <span class='ocrx_word' id='word_1_265' title='bbox 672 2121 708 2153; x_wconf 90' lang='lat' dir='ltr'>et</span> <span class='ocrx_word' id='word_1_266' title='bbox 734 2128 774 2152; x_wconf 90' lang='lat' dir='ltr'>os</span> <span class='ocrx_word' id='word_1_267' title='bbox 801 2128 883 2162; x_wconf 83' lang='lat' dir='ltr'>qnae</span> <span class='ocrx_word' id='word_1_268' title='bbox 911 2119 1061 2154; x_wconf 83' lang='lat' dir='ltr'>exercui</span> <span class='ocrx_word' id='word_1_269' title='bbox 1090 2119 1247 2153; x_wconf 80' lang='lat' dir='ltr'>multum</span> <span class='ocrx_word' id='word_1_270' title='bbox 1280 2121 1316 2154; x_wconf 84' lang='lat' dir='ltr'>et</span> <span class='ocrx_word' id='word_1_271' title='bbox 1347 2128 1441 2163; x_wconf 78' lang='lat' dir='ltr'>saepe</span> <span class='ocrx_word' id='word_1_272' title='bbox 1472 2118 1516 2153; x_wconf 86' lang='lat' dir='ltr'>ad</span> <span class='ocrx_word' id='word_1_273' title='bbox 1551 2118 1708 2153; x_wconf 86' lang='lat' dir='ltr'>mandu-</span> 
     </span>
     <span class='ocr_line' id='line_1_33' title="bbox 534 2177 1708 2223; baseline 0.002 -11"><span class='ocrx_word' id='word_1_274' title='bbox 534 2177 691 2212; x_wconf 87' lang='lat' dir='ltr'>candum</span> <span class='ocrx_word' id='word_1_275' title='bbox 721 2180 755 2212; x_wconf 86' lang='lat' dir='ltr'>et</span> <span class='ocrx_word' id='word_1_276' title='bbox 783 2178 991 2222; x_wconf 89' lang='lat' dir='ltr'>bibendum,</span> <span class='ocrx_word' id='word_1_277' title='bbox 1020 2188 1128 2223; x_wconf 87' lang='lat' dir='ltr'>nunc,</span> <span class='ocrx_word' id='word_1_278' title='bbox 1155 2189 1177 2213; x_wconf 94' lang='lat' dir='ltr'>o</span> <span class='ocrx_word' id='word_1_279' title='bbox 1210 2178 1317 2223; x_wconf 90' lang='lat' dir='ltr'>Deus,</span> <span class='ocrx_word' id='word_1_280' title='bbox 1344 2178 1443 2223; x_wconf 88' lang='lat' dir='ltr'>aperi</span> <span class='ocrx_word' id='word_1_281' title='bbox 1477 2178 1522 2213; x_wconf 84' lang='lat' dir='ltr'>ad</span> <span class='ocrx_word' id='word_1_282' title='bbox 1554 2178 1708 2214; x_wconf 83' lang='lat' dir='ltr'>landan-</span> 
     </span>
    </p>
   </div>
   <div class='ocr_carea' id='block_1_3' title="bbox 538 2246 1470 2249">
    <p class='ocr_par' dir='ltr' id='par_1_3' title="bbox 538 2246 1470 2249">
     <span class='ocr_line' id='line_1_34' title="bbox 538 2246 1470 2249; baseline 0 0"><span class='ocrx_word' id='word_1_283' title='bbox 538 2246 1470 2249; x_wconf 95' lang='lat' dir='ltr'> </span> 
     </span>
    </p>
   </div>
   <div class='ocr_carea' id='block_1_4' title="bbox 597 2270 1220 2340">
    <p class='ocr_par' dir='ltr' id='par_1_4' title="bbox 597 2270 1220 2340">
     <span class='ocr_line' id='line_1_35' title="bbox 597 2270 1220 2301; baseline 0.005 -9"><span class='ocrx_word' id='word_1_284' title='bbox 597 2271 623 2298; x_wconf 84' lang='lat'>(&#39;)</span> <span class='ocrx_word' id='word_1_285' title='bbox 641 2271 666 2293; x_wconf 71' lang='lat' dir='ltr'>S.</span> <span class='ocrx_word' id='word_1_286' title='bbox 684 2277 697 2293; x_wconf 84' lang='lat' dir='ltr'>e</span> <span class='ocrx_word' id='word_1_287' title='bbox 718 2270 745 2294; x_wconf 86' lang='lat' dir='ltr'>E.</span> <span class='ocrx_word' id='word_1_288' title='bbox 765 2274 908 2301; x_wconf 68' lang='lat' dir='ltr'>praervptor</span> <span class='ocrx_word' id='word_1_289' title='bbox 925 2278 997 2294; x_wconf 70' lang='lat' dir='ltr'>niens</span> <span class='ocrx_word' id='word_1_290' title='bbox 1015 2274 1041 2295; x_wconf 79' lang='lat' dir='ltr'>et</span> <span class='ocrx_word' id='word_1_291' title='bbox 1058 2272 1220 2295; x_wconf 75' lang='lat' dir='ltr'>informator.</span> 
     </span>
     <span class='ocr_line' id='line_1_36' title="bbox 599 2307 1017 2340; baseline -0.005 -5"><span class='ocrx_word' id='word_1_292' title='bbox 599 2307 624 2336; x_wconf 66' lang='lat'>(²)</span> <span class='ocrx_word' id='word_1_293' title='bbox 643 2309 667 2332; x_wconf 70' lang='lat' dir='ltr'>S.</span> <span class='ocrx_word' id='word_1_294' title='bbox 687 2315 700 2331; x_wconf 84' lang='lat' dir='ltr'>e</span> <span class='ocrx_word' id='word_1_295' title='bbox 719 2309 747 2332; x_wconf 83' lang='grc' dir='ltr'>Ε.</span> <span class='ocrx_word' id='word_1_296' title='bbox 766 2310 1017 2340; x_wconf 68' lang='lat' dir='ltr'>appropinquaverih</span> 
     </span>
    </p>
   </div>
  </div>
 </body>
</html>
