1737 2836
374 270 510 296 CANTL'S
537 271 727 296 HGESIMUS
754 271 935 297 SEPTIML‘S.
1172 267 1234 298 141

69 343 195 377 Poscia
221 338 249 376 εὶ
276 343 377 386 disse,
402 342 459 377 ille
477 343 641 388 angelus,
669 354 763 378 come
789 345 848 378 noi
873 345 922 387 ylc'
945 346 1077 389 summo
1101 355 1239 389 presso,

69 401 154 447 quia
182 402 354 437 continuo
382 402 536 447 ibamus,
565 402 639 448 ipse
666 413 754 438 vero
781 404 917 440 stabat:
943 402 1003 448 piu
1030 415 1097 440 non
1126 407 1156 440 si
1184 416 1239 449 va,

68 461 170 506 idest,
198 461 241 496 iri
269 472 341 496 non
369 464 494 507 potest,
522 472 542 496 0
563 464 678 497 anime
698 467 808 507 saule,
836 464 920 509 quia
942 465 1020 510 jam
1048 465 1180 501 Dantes
1204 468 1241 500 et

70 521 204 557 Statius
227 525 331 557 erant
349 521 492 567 purgati
513 522 684 557 omnibus
703 523 806 567 vitiis,
826 527 862 558 et
881 524 1075 560 tendebant
1097 525 1141 560 ad
1163 535 1240 560 coe-

69 581 165 626 lum;
195 581 361 628 Virgilius
389 591 476 616 vero
504 581 565 626 qui
592 585 671 617 erat
699 593 764 627 pro
791 586 911 618 scorta
939 585 1046 629 paulo
1074 588 1152 630 post
1181 594 1240 620 re-

68 641 161 676 cedit
179 638 227 686 k'),
244 645 281 676 ut
297 641 450 687 patebit3
469 652 504 676 se
519 643 603 686 μνία
622 644 647 677 il
659 643 762 686 fuoco
781 653 852 678 non,
874 645 1008 686 morde,
1024 643 1123 689 idest,
1144 648 1240 679 assat

67 711 201 746 parum
231 712 304 746 vos,
334 701 424 746 ideo,
453 705 584 736 entrate
610 703 645 736 in
671 713 768 747 esso,·
804 706 840 738 et
872 702 973 737 dicit:
1002 713 1019 737 e
1050 713 1119 737 non
1154 704 1240 737 state

66 762 173 796 sorde
205 763 243 796 αἰ
273 765 398 796 ccmtw·
430 763 466 796 ιῐί
501 756 548 805 ld,
584 761 685 807 quasi
717 762 835 798 dicat:
871 762 1134 807 confortemini,
1172 762 1237 797 viri

67 820 190 866 fortes,
219 825 254 856 et
280 821 411 857 habete
438 821 648 867 patientiam
681 822 715 856 in
749 822 844 868 igne,
872 822 958 867 quia
991 823 1088 857 ultra
1116 822 1236 868 ignem

66 880 220 916 audietis
247 881 355 916 aliam
384 891 512 916 vocem
540 881 734 928 benignam
748 877 783 926 (Ξ)
802 881 1037 927 recipientem
1058 892 1132 927 vos,
1156 892 1238 927 quae

67 939 150 975 dicit
167 935 222 984 (Ὗ
251 942 361 975 Venice
387 941 551 975 benedicta·
577 944 643 976 etc.
673 941 714 976 Et
741 941 840 986 ponit
861 942 1033 977 effectum
1060 945 1165 987 poeta
1193 952 1238 977 ex

68 1004 172 1045 parte
190 999 245 1034 sui
262 994 310 1044 ff),
329 999 470 1035 diceus:
488 1001 602 1044 percle’
619 1002 651 1035 io
672 1002 811 1035 (licentii
828 1002 878 1036 cal
893 1002 1022 1045 quaml'
1038 1003 1070 1035 z'o
1098 1002 1237 1045 l'inlesi,

70 1060 216 1105 scilicet,
237 1059 382 1105 quando
400 1059 521 1094 audivi
540 1059 637 1105 quod
659 1060 850 1106 oportebat
879 1071 938 1096 me
965 1061 1089 1097 vivum
1119 1064 1237 1096 trans-

70 1120 124 1155 ire
144 1130 210 1166 per
227 1119 361 1165 ignem,
382 1121 481 1163 quale
502 1118 521 1154 ι)
536 1121 627 1155 colui
644 1120 702 1154 che
722 1121 813 1155 nella
832 1122 931 1165 fossa
955 1119 974 1156 e*
990 1131 1112 1164 messo,
1135 1120 1238 1165 quasi

66 1179 178 1215 dicat:
207 1179 322 1214 sactus
349 1189 431 1214 sum
460 1179 507 1214 ita
535 1179 683 1215 territus
710 1180 807 1224 quod
835 1180 984 1215 videbar
1003 1184 1239 1215 mortuus.—

65 1241 108 1274 In
133 1250 184 1274 sec.
219 1239 281 1274 Hic
312 1242 417 1285 poeta
453 1239 618 1285 ostendit,
652 1239 837 1284 quomodo
870 1250 908 1276 se
942 1240 1109 1276 habuerit
1142 1240 1236 1275 circa

68 1299 176 1334 istum
196 1298 329 1345 ignem,
345 1298 484 1335 dicens:
504 1301 544 1333 Io
563 1300 610 1333 mi
624 1301 755 1343 process
772 1301 807 1334 m
825 1310 865 1334 su
884 1301 913 1334 le
931 1310 1011 1334 man
1030 1311 1213 1335 commesse
1222 1314 1236 1345 ‚-

68 1359 146 1394 vult
172 1358 305 1403 dicere,
333 1359 430 1404 quod
458 1359 653 1404 implicavit
670 1355 706 1403 (ὃ)
742 1370 892 1395 manum
923 1370 1009 1395 cum
1043 1370 1167 1405 mauu,
1202 1364 1237 1396 et

64 1418 260 1453 connexuit
286 1418 414 1464 digitos
440 1417 485 1453 ad
513 1418 680 1463 invicem,
699 1418 791 1454 sicut
810 1419 901 1454 solet
923 1419 1033 1454 homo
1060 1420 1181 1455 facere
1201 1419 1234 1454 in

65 1488 198 1524 magna
224 1478 384 1523 tristitia3
412 1479 625 1522 quamlamlo
652 1480 677 1513 il
697 1481 814 1523 suoco,
843 1489 908 1524 per
935 1489 1046 1524 quem
1079 1479 1125 1514 ita
1154 1490 1238 1514 cur-

64 1537 193 1573 rebant
219 1537 351 1573 animae
378 1548 452 1583 prae
479 1537 616 1583 dolore,
639 1541 674 1573 et
700 1538 864 1573 dicebam
893 1538 987 1574 iutra
1014 1549 1092 1574 me:
1122 1539 1237 1574 multo

64 1597 167 1643 peius
187 1597 256 1632 erit
275 1597 348 1643 tibi,
368 1597 430 1643 qui
449 1608 533 1633 cum
554 1608 708 1643 corpore
730 1598 830 1634 vivis.
854 1598 953 1633 Unde
976 1598 1078 1634 dicit:
1098 1602 1129 1633 E
1149 1600 1238 1633 lma-

63 1658 221 1700 yinando
246 1659 337 1703 sorte
363 1659 482 1692 υηιαηὶ
506 1659 605 1702 corp&
629 1653 689 1702 yid
717 1659 830 1693 vedace·
851 1660 981 1693 accesi:
999 1659 1103 1703 quasi
1130 1658 1235 1703 dicat,

65 1718 162 1763 quod
190 1722 276 1754 tunc
303 1718 402 1754 venit
424 1718 489 1753 sibi
516 1718 552 1753 in
580 1721 741 1754 mentem
761 1718 858 1764 quod
881 1718 1076 1764 aliquando
1098 1718 1237 1754 viderat

65 1778 230 1814 homines
257 1778 423 1814 comburi
452 1778 487 1812 iu
515 1777 651 1813 mundo
680 1778 757 1823 isto,
785 1778 878 1815 sicut
906 1778 997 1814 forte
1027 1778 1234 1814 sodomitas.

64 1838 107 1872 Et
134 1838 189 1873 hic
217 1841 301 1873 nota
328 1837 500 1883 breviter,
529 1838 653 1883 lector,
673 1838 771 1883 quod
798 1837 945 1883 quidam
973 1838 1135 1874 volentes
1157 1838 1236 1884 phi-

65 1897 245 1943 losophari
274 1897 309 1932 iu
337 1897 446 1932 rebus
471 1897 606 1943 grossis
640 1897 763 1933 dicunt
797 1897 865 1943 hic,
893 1897 991 1943 quod
1025 1901 1134 1933 autor
1162 1909 1235 1932 nou

65 1956 228 2002 loquitur
254 1956 298 1992 de
325 1956 409 2003 igne
436 1956 606 2003 praedicto
634 1957 858 2002 purgatorio,
886 1957 960 1991 imo
987 1956 1031 1992 de
1059 1957 1142 2002 igne
1161 1957 1236 1992 ele—

67 2016 222 2052 mentari
250 2016 285 2051 in
308 2026 413 2062 spera
432 2026 517 2061 sua,
538 2015 634 2061 qnod
655 2016 741 2051 mihi
761 2015 904 2052 videtur
926 2015 1129 2060 ridiculum,
1151 2016 1235 2061 quia

66 2081 171 2122 poeta
204 2076 304 2122 ponit
334 2086 461 2112 aerem
497 2086 608 2121 supra
642 2075 750 2110 istum
784 2075 918 2122 ignem,
947 2075 1043 2121 quod
1078 2086 1149 2110 non
1184 2079 1237 2110 est

66 2136 232 2182 possibile
258 2147 323 2183 per
346 2139 530 2181 naturam,
550 2136 634 2181 imo,
656 2138 695 2170 ut
714 2135 849 2171 videbis
868 2135 903 2171 in
925 2146 1109 2182 processu,
1131 2139 1235 2181 poeta

171 2250 192 2273 h
219 2251 330 2275 recedet.
651 2253 656 2279 (

173 2288 193 2311 Ε
220 2295 276 2318 quae
294 2289 369 2313 dicet.
649 2288 667 2318 (¹

184 2250 200 2274 '.
659 2250 676 2278 ³)
693 2251 723 2274 E.
741 2251 858 2281 benigne.

671 2290 675 2304 i

175 2329 226 2356 117,
244 2327 369 2357 implicuit
387 2334 500 2351 manum.
669 2305 675 2318 s

138 2250 144 2263 Ι

128 2252 155 2317 {⁸}
695 2291 747 2317 11⁷,
766 2295 797 2313 ex
814 2290 885 2319 parte
903 2295 956 2313 sua.

129 2327 157 2355 (⁵)
