1766 2856
503 245 548 276 70
864 250 1066 276 conExTcM
1093 250 1312 276 PURGAToRn

501 333 545 358 eo
572 324 680 369 paulo
708 323 820 358 infra:
851 322 970 368 posuit
998 326 1120 358 tamen
1146 332 1232 358 eum
1254 322 1412 368 primum
1433 326 1518 359 ante
1537 334 1676 370 omnes,

500 383 586 428 quia
614 383 745 418 melius
773 385 925 418 noverat
952 392 1051 428 eum,
1080 385 1116 418 et
1143 382 1229 428 quia
1257 382 1322 417 suit
1349 383 1532 419 maximus
1560 384 1677 431 magi-

499 445 573 478 ster
592 442 840 488 gulositatum.
856 462 905 467 —
918 445 951 477 E
966 444 1089 486 quella.
1110 443 1173 478 Hic
1191 442 1360 478 Foresius
1381 443 1544 479 nominat
1561 444 1676 479 alium

499 502 678 547 spiritum,
706 502 768 548 qui
796 503 862 537 suit
889 503 1086 538 altissimus
1113 513 1250 550 gurges
1268 503 1375 550 gulae.
1397 503 1467 538 Iste
1492 503 1557 538 fuit
1583 514 1676 550 papa

498 562 672 597 Martinus
694 563 866 609 gallicus,
895 563 975 598 ideo
995 563 1060 598 fuit
1083 564 1242 598 multum
1262 563 1387 599 favens
1407 564 1537 599 Carolo
1556 564 1569 598 I
1588 574 1677 600 con-

500 625 555 657 tra
574 622 742 668 Siciliam,
762 626 797 658 et
818 623 913 658 misit
932 623 1074 659 francos
1097 627 1222 659 contra
1243 623 1463 659 Forlivium:
1484 624 1538 658 vir
1557 624 1676 660 bonus

499 685 534 718 et
562 683 721 728 prudens
748 683 866 728 nimis,
891 686 1013 718 tamen
1033 683 1216 728 splendide
1236 683 1371 719 vivens.
1393 685 1484 719 Nam
1504 694 1589 719 cum
1610 685 1676 719 ha—

497 742 601 778 beret
627 742 767 777 curiam
797 743 832 777 in
859 743 960 778 Italia
988 743 1021 777 in
1050 743 1195 778 civitate
1226 743 1388 789 Viterbii,
1416 744 1569 780 faciebat
1599 744 1676 779 suf-

497 802 608 837 focari
644 802 822 848 anguillas
854 803 1007 848 optimas
1025 799 1060 846 ς’)
1089 803 1182 838 illius
1215 803 1315 838 lacus
1346 804 1381 838 in
1417 804 1501 839 vino
1537 804 1674 850 optimo

498 862 728 907 vernaccino,
755 865 790 897 et
823 862 899 897 illas
931 862 1173 907 sapidissimas
1204 863 1411 899 avidissime
1446 863 1672 899 comedebat.

495 923 569 958 Nec
598 922 718 957 minus
750 922 844 957 bene
880 922 1024 959 bibebat
1058 933 1144 958 cum
1177 923 1254 968 illis,
1288 923 1373 969 quia
1407 923 1569 970 anguilla
1596 924 1674 959 vult

497 986 624 1017 natare
659 982 693 1016 in
720 981 803 1016 vino
840 982 875 1017 in
912 986 1050 1018 ventre.
1084 983 1174 1018 Dicit
1204 993 1295 1029 ergo
1330 983 1510 1028 Foresius,
1539 983 1674 1019 descri-

496 1042 584 1077 bens
612 1042 722 1077 istum
749 1042 915 1088 spiritum
943 1052 965 1077 a
991 1042 1176 1089 dignitate,
1203 1053 1224 1078 a
1252 1043 1380 1089 patria,
1407 1053 1429 1078 a
1455 1044 1672 1090 gulositate:

496 1113 514 1137 e
549 1104 660 1146 quella
693 1104 807 1147 faccia
847 1104 883 1137 cli
922 1097 956 1137 [ἁ
992 1104 1038 1137 (la
1072 1104 1130 1146 lai,
1163 1103 1307 1148 scilicet,
1345 1106 1423 1149 post
1463 1104 1674 1151 Bonagiun-

497 1165 583 1207 tam,
606 1160 668 1206 piei
695 1163 752 1196 che
779 1164 902 1197 l'allre
930 1167 1108 1207 lrclpnnlce,
1137 1163 1238 1209 idest,
1265 1164 1381 1210 magis
1418 1175 1554 1209 macra,
1586 1165 1673 1210 quia

495 1222 644 1269 gravius
676 1222 836 1267 deliquit,
870 1223 955 1268 quia
984 1223 1083 1258 varia
1114 1227 1194 1259 arte
1227 1224 1372 1259 laxabat
1400 1228 1579 1270 ventrem,
1613 1225 1671 1260 cui

496 1282 618 1318 utilior
645 1286 721 1318 erat
751 1283 876 1327 sames,
905 1286 939 1318 et
966 1283 1156 1318 utilissima
1183 1283 1370 1329 sobrietas,
1398 1284 1488 1319 dum
1511 1285 1546 1319 in
1574 1284 1672 1320 foedo

495 1345 530 1378 et
557 1342 691 1378 misero
715 1343 860 1377 sacculo
884 1345 936 1377 tot
954 1343 1111 1388 pretiosa
1130 1343 1393 1379 confundebat:
1414 1344 1492 1378 ebbe
1510 1346 1545 1379 [α
1567 1348 1672 1379 santa

494 1404 606 1437 cln'esa
633 1404 667 1437 ῖη
694 1404 724 1437 le
749 1413 808 1437 sue
834 1403 974 1437 bruccia
989 1416 1003 1447 ,·
1030 1403 1111 1449 plus
1141 1406 1263 1438 tamen
1291 1403 1416 1438 habuit
1443 1414 1572 1439 curam
1604 1415 1671 1439 an-

493 1463 693 1509 guillarum
723 1473 834 1508 quam
862 1463 1084 1508 animarum,
1113 1465 1175 1498 dal
1205 1467 1314 1499 Tot-so
1343 1467 1395 1510 su,
1428 1465 1573 1510 scilicet,
1597 1465 1670 1499 Tn-

494 1524 615 1568 ronis,
644 1523 768 1558 civitas
802 1526 856 1558 est
889 1523 1072 1567 Franciae3
1107 1535 1124 1557 e
1151 1534 1270 1568 purya
1301 1536 1366 1569 per
1398 1526 1540 1568 diyizmo
1567 1527 1671 1560 l'an-

492 1585 595 1627 yuille
622 1585 657 1618 di
684 1585 846 1627 Bolseno,
879 1584 980 1618 lacus
1007 1587 1061 1618 est
1089 1584 1250 1619 ecclesiae
1277 1585 1370 1620 inter
1399 1585 1593 1620 Perusium
1635 1589 1670 1621 et

493 1643 705 1688 Vitcrbum3
734 1654 750 1677 e
772 1645 806 1678 ῖα
835 1645 1032 1679 rernaccz'a.
1061 1643 1160 1678 Istud
1188 1644 1313 1679 vinum
1338 1645 1417 1690 plus
1439 1645 1580 1681 caeteris
1600 1657 1670 1681 nu-

494 1703 554 1738 trit
582 1707 617 1739 et
644 1703 863 1750 impinguat,
891 1706 926 1739 et
946 1703 1107 1739 nascitur
1135 1703 1169 1738 in
1197 1704 1381 1739 montibus
1403 1704 1584 1740 altissimis
1609 1706 1670 1741 Ja-

493 1774 588 1808 nuae,
615 1763 659 1798 de
687 1774 761 1808 quo
782 1774 853 1798 non
873 1763 911 1798 fit
931 1763 1068 1799 mentio
1095 1763 1192 1809 apud
1219 1767 1379 1809 autores,
1401 1764 1485 1809 quia
1509 1764 1565 1800 illa
1590 1765 1668 1801 loca

492 1833 565 1859 non
593 1827 697 1859 erant
724 1824 810 1859 olim
838 1824 946 1859 culta.
976 1824 1017 1858 Et
1044 1823 1100 1858 hic
1129 1827 1226 1868 nota,
1247 1823 1344 1868 quod
1373 1823 1496 1859 utilius
1515 1828 1595 1860 erat
1614 1825 1668 1860 isti

492 1895 626 1930 magno
654 1883 831 1919 sacerdoti
859 1884 887 1918 si
915 1883 1061 1919 bibisset
1097 1883 1142 1918 de
1174 1883 1232 1918 illo
1266 1883 1361 1929 vino,
1390 1884 1425 1919 in
1458 1894 1532 1929 quo
1563 1888 1668 1920 erant

490 1944 661 1990 anguillae
688 1947 842 1988 necatae3
873 1943 958 1989 quia
986 1943 1048 1988 qui
1076 1943 1164 1978 bibit
1190 1943 1235 1978 de
1256 1943 1315 1979 tali
1336 1944 1430 1989 vino,
1450 1954 1595 1991 semper
1614 1944 1668 1980 sa-

490 2004 585 2039 stidit
614 2004 752 2049 vinum,
781 2007 820 2039 ut
854 2004 937 2039 dicit
973 2004 1124 2050 Magnus
1159 2003 1353 2048 Albertus;
1390 2007 1425 2039 et
1459 2014 1528 2050 ego
1555 2015 1667 2051 expe—

494 2063 660 2099 rientiam
688 2064 757 2099 vidi
786 2064 821 2098 in
851 2074 924 2099 uno
952 2074 1085 2110 niagno
1113 2063 1291 2109 episcopo.
1320 2064 1361 2098 Et
1389 2063 1509 2098 subdit
1539 2068 1664 2110 poeta:

491 2125 586 2158 molli
612 2125 695 2157 αἵθ-ι’
714 2125 760 2157 mi
779 2120 922 2167 moslro,
943 2123 1044 2168 idest,
1065 2123 1264 2159 nominavit
1292 2123 1379 2157 milii
1401 2123 1459 2158 ille
1482 2124 1661 2169 Foresius,

491 2184 539 2217 acl
565 2194 633 2217 emo
660 2184 708 2217 ad
739 2193 819 2226 uno,
846 2194 864 2217 e
896 2184 953 2218 del
976 2194 1104 2217 ηοηιαν
1129 2194 1267 2227 pat-ean
1294 2185 1367 2218 [αίίὶ
1391 2185 1550 2227 contenti,
1578 2195 1664 2230 pro-

554 2314 580 2343 (')
598 2313 622 2337 S.
640 2320 752 2344 magnas.
