1766 2856
472 279 542 310 452
867 281 1071 307 COMENTUM
1098 281 1265 306 PARAmsi

469 361 635 401 testatur,
656 354 826 391 omnibus
855 353 966 389 rebus
994 353 1104 400 gestis
1125 353 1171 389 ab
1190 363 1235 389 eo
1263 364 1424 399 praesens
1444 354 1522 400 fuit,
1542 356 1656 391 Caro-

469 419 524 453 lus
553 417 664 463 Pipini
687 416 777 452 Nani
805 415 910 461 filius,
935 426 1007 451 non
1027 415 1146 461 impar
1172 415 1287 462 gloria
1316 417 1409 462 patri
1432 427 1500 453 suo
1519 417 1581 453 sed
1602 417 1656 453 vi-

468 477 659 514 ctoriosior
679 480 713 512 et
733 476 954 522 praecIarior,
971 479 1122 523 rogatus
1143 479 1178 512 et
1198 476 1396 522 requisitus
1411 478 1457 513 ab
1472 477 1655 514 Hadriano

467 549 615 574 summo
643 537 824 584 pontifice7
845 540 1070 584 congregata
1095 537 1197 584 regni
1218 537 1273 572 sui
1293 537 1528 574 multitudine
1555 538 1655 584 prin—

467 599 589 645 cipum
611 602 647 634 et
666 598 949 634 fortissimorum
973 597 1207 641 bellatorum,
1224 597 1410 644 ingressus
1430 598 1568 634 Italiam
1589 609 1655 645 per

468 663 632 696 montem
661 658 842 694 Senisium
866 658 1095 694 Desiderium
1118 668 1244 705 regem
1265 659 1579 706 longobardorum
1599 659 1655 694 in-

468 722 661 757 festantem
690 719 881 756 ecclesiam
910 719 1029 765 primo
1058 719 1197 754 victum
1225 730 1359 767 magna
1388 720 1487 756 caede
1514 720 1654 756 obsedit

468 782 561 817 intra
582 781 759 826 Ticinum,
788 790 872 826 quae
900 779 1006 815 hodie
1034 783 1189 816 vocatur
1208 780 1339 826 Papia3
1361 784 1398 816 et
1421 780 1569 816 tandem
1590 780 1654 816 de-

467 842 563 878 cimo
591 851 717 876 mense
744 840 941 876 obsidionis
968 839 1197 876 Desiderium
1232 844 1381 887 captum
1410 851 1495 876 cum
1534 851 1654 877 uxore

466 906 501 938 et
530 901 608 937 filiis
635 911 762 937 secum
790 901 893 936 (luxit
921 900 957 936 in
984 901 1189 946 Franciam,
1216 901 1279 947 qui
1306 901 1504 947 aliquando
1532 902 1653 937 suerat

466 973 570 998 socer
598 962 694 1007 eius;
723 965 759 998 et
786 961 972 998 constituit
1001 961 1168 1008 pipinum
1198 972 1324 1009 regem
1359 972 1470 1008 super
1499 962 1650 998 Italiam.

465 1023 521 1059 Sic
550 1023 693 1058 finitum
722 1025 776 1058 est
802 1033 961 1069 regnum
990 1022 1304 1069 longobardorum
1328 1022 1426 1068 quod
1451 1023 1653 1058 duraverat

468 1085 562 1120 ultra
583 1084 760 1119 ducentos
779 1093 894 1119 annos
914 1083 960 1118 ab
979 1082 1137 1118 adventu
1160 1083 1301 1118 Alboini
1321 1083 1428 1130 regis,
1448 1083 1510 1130 qui
1532 1083 1651 1130 primo

469 1145 565 1180 venit
594 1145 777 1181 Veronam
806 1144 851 1180 de
878 1143 1043 1190 partibus
1062 1144 1341 1190 septemtrionis.
1363 1145 1516 1180 Carolus
1535 1145 1651 1180 victor

469 1206 618 1241 veniens
644 1205 801 1241 Romam
830 1205 1033 1251 appellatus
1060 1208 1114 1240 est
1142 1205 1263 1240 Caesar
1282 1208 1316 1240 et
1339 1205 1527 1251 Augustus
1545 1216 1566 1240 a
1586 1214 1650 1251 po-

468 1267 564 1312 pulo,
581 1269 616 1302 et
631 1269 829 1301 coronatus
848 1268 901 1301 est
921 1265 1122 1311 imperator
1141 1275 1206 1311 per
1227 1276 1379 1300 manum
1399 1265 1528 1301 Leonis
1547 1274 1650 1311 papae

470 1326 585 1372 tertii;
614 1329 649 1362 et
675 1326 799 1362 sedem
828 1325 1064 1372 apostolicam
1093 1325 1274 1361 ordinavit
1301 1325 1431 1361 collata
1456 1325 1521 1361 sibi
1549 1328 1651 1371 pote—

466 1391 558 1423 state
586 1387 753 1423 omnium
781 1387 1018 1434 dignitatum:
1048 1390 1083 1422 et
1112 1389 1199 1421 tunc
1227 1396 1424 1422 romanum
1452 1386 1649 1432 imperium

467 1448 622 1483 divisum
651 1452 705 1484 est
726 1448 772 1483 ab
792 1447 946 1494 imperio
969 1446 1371 1492 constantinopolitano,
1392 1456 1460 1482 nec
1486 1457 1651 1492 unquam

467 1509 677 1554 reunitum3
707 1519 772 1544 nec
802 1519 967 1554 unquam
996 1507 1062 1543 fuit
1089 1507 1182 1543 alius
1211 1507 1412 1553 imperator
1435 1507 1471 1542 in
1498 1507 1652 1553 imperio

464 1569 675 1605 occidentali
705 1572 783 1614 post
812 1568 984 1604 Carolum
1010 1571 1120 1603 tantae
1140 1567 1284 1603 virtutis
1304 1572 1339 1603 et
1359 1567 1546 1604 felicitatis.
1569 1567 1653 1603 Ideo

465 1629 559 1665 bene
587 1628 812 1664 Justinianus
833 1628 908 1663 finit
928 1628 963 1663 in
983 1638 1027 1663 eo
1047 1628 1297 1663 narrationem
1318 1639 1436 1673 suam,
1458 1638 1524 1664 nec
1542 1631 1652 1664 autor

465 1689 609 1725 curavit
635 1688 858 1724 descendere
886 1688 930 1724 ad
949 1688 1110 1723 Othones
1133 1692 1168 1723 et
1189 1688 1279 1723 alios
1301 1688 1543 1734 imperatores
1565 1698 1651 1735 ger-

467 1760 678 1794 manorum,
705 1749 767 1794 qui
795 1749 992 1794 aliquando
1025 1752 1292 1784 succurrerunt
1327 1749 1490 1785 ecclesia]
1523 1752 1650 1784 contra

465 1820 596 1856 papam
630 1813 665 1845 ct
699 1812 824 1845 contra
858 1809 1131 1855 imperatorem.
1165 1809 1269 1844 Nunc
1296 1809 1341 1844 ad
1369 1809 1539 1854 literam3
1567 1808 1651 1844 dicit

465 1871 699 1915 Justinianus,
729 1882 746 1905 e
772 1872 913 1915 quando
942 1872 966 1905 il
991 1871 1090 1905 dente
1117 1870 1351 1914 longsobczrdo,
1380 1870 1481 1915 idest⁷
1513 1869 1649 1905 saevitia

464 1931 649 1976 Desiderii7
679 1942 794 1966 morse
812 1933 847 1966 la
865 1935 968 1966 santa
988 1933 1114 1976 chiesa,
1139 1931 1335 1967 lacerando
1349 1931 1436 1977 jura
1456 1931 1535 1967 eius
1557 1931 1650 1967 sicut

465 1991 600 2027 fecerat
628 1994 732 2038 pater
766 2002 854 2027 suus
890 1992 1099 2038 Astulphus,
1130 1991 1192 2037 qui
1228 1991 1346 2027 victus
1382 1995 1436 2027 est
1471 2002 1492 2027 a
1525 1991 1650 2037 Pipino

465 2056 596 2088 vocato
623 2063 644 2088 a
672 2063 764 2098 papa
792 2053 977 2098 Zacliar1a7
1005 2054 1111 2088 Carlo
1135 2063 1280 2097 mamm,
1302 2053 1481 2096 vincendo,
1509 2053 1544 2087 la
1570 2062 1649 2086 soc—

463 2123 574 2157 corse,
598 2113 660 2158 qui
680 2116 715 2148 et
734 2116 873 2148 terram
893 2117 1057 2149 sanctam
1087 2113 1254 2148 liberavit
1285 2124 1306 2148 a
1340 2112 1519 2148 servitute
1546 2122 1648 2147 sara-

464 2183 655 2217 cenorum,
692 2173 784 2208 sicut
821 2173 964 2209 dicetur
1005 2173 1108 2218 infra,
1138 2177 1224 2208 sollo
1256 2174 1323 2208 alle
1352 2183 1411 2208 sue
1442 2173 1504 2216 αῐί,
1536 2172 1648 2218 ipsius

464 2233 597 2278 aquilae
626 2233 833 2279 imperialis.
850 2255 898 2259 -
918 2235 1030 2269 Omni.
1056 2234 1119 2269 Hic
1142 2233 1270 2269 ultimo
1297 2234 1524 2269 Justinianus
1552 2243 1648 2279 prae-

466 2293 574 2328 missa
610 2293 717 2339 longa
751 2293 977 2339 digressione
1013 2294 1213 2330 revertitur
1249 2294 1294 2330 ad
1332 2294 1530 2340 principale
1564 2303 1649 2339 pro—

465 2353 636 2400 positum7
664 2357 700 2388 et
727 2354 850 2400 arguit
877 2354 1014 2390 italicos
1042 2355 1104 2399 qui
1138 2355 1270 2391 iniuste
1296 2359 1412 2401 agunt
1439 2357 1566 2390 contra
1584 2354 1647 2399 ju-
