1737 2836
515 244 653 270 CANTUS
681 244 825 270 sex‘rns.
1184 237 1253 268 435

76 315 160 352 licet
187 317 341 362 Caesare,
362 319 397 352 et
420 316 606 362 praemittit
634 315 731 362 quod
754 316 854 362 juste
881 315 975 362 cepit
995 325 1100 351 arma
1127 319 1255 351 contra

77 376 198 412 hostes
216 376 434 412 auctoritate
455 380 604 412 senatus
623 380 659 412 et
679 377 866 411 voluntate
885 376 1006 422 populi
1028 376 1181 421 romani,
1202 376 1256 411 di-

77 447 182 472 cens:
212 439 277 472 Ροί
298 440 424 472 Cesare
441 439 467 472 il
484 439 574 481 tolle,
596 437 680 472 illud
701 437 858 482 signum,
876 448 941 481 per
962 438 1057 471 voler
1076 438 1111 472 di
1129 439 1256 480 Roma,

78 497 179 543 idest,
208 499 396 534 voluntate
423 501 571 533 senatus
598 502 634 533 et
662 497 781 542 populi
812 498 965 542 romani,
993 500 1116 533 tamen
1145 507 1256 543 opera

79 558 239 604 Pompeii
267 562 303 594 et
329 558 460 603 Crassi,
483 558 557 592 imo
585 560 733 592 senatus
762 557 857 592 ultra
884 557 1036 593 Galliam
1066 557 1257 603 transalpi-

79 628 163 653 nam
192 619 288 654 dedit
316 618 381 653 sibi
409 617 618 664 cisalpinam
641 617 772 652 timens
801 627 846 652 ne
865 618 1022 663 populus
1045 617 1110 652 sibi
1133 618 1255 653 daret:

79 678 145 714 suit
172 678 269 714 enim
297 678 418 713 Caesar
447 678 562 725 magis
589 677 731 713 amicus
757 677 879 724 populi
909 688 1021 723 quam
1055 677 1256 722 nobilium,

79 742 114 774 et
140 739 210 774 hoc
237 739 331 784 fecit,
353 749 479 784 presso
507 740 544 773 al
569 742 693 783 lempo,
724 738 857 774 scilicet
884 738 1050 785 Augusti,
1079 738 1181 783 quasi
1206 738 1259 773 di-

79 803 148 845 cat,
174 799 359 835 modicum
379 803 464 835 ante
485 803 628 845 tempus
647 798 846 844 Octaviani,
867 799 924 833 che
943 802 1024 833 mtto
1039 800 1063 833 ’l
1079 800 1142 833 ciel
1158 800 1258 842 volle,

80 859 180 905 idest,
208 860 327 895 omnis
354 859 579 895 constellatio
607 859 688 894 coeli
718 859 844 903 voluit,
878 860 981 893 roe'dm·
1013 859 1046 892 lo
1081 859 1208 892 mondo
1237 869 1259 892 a

79 930 142 954 suo
169 922 272 955 modo
299 930 435 963 sereno,
471 919 573 964 quasi
606 919 711 964 dicat,
744 919 787 954 ad
825 930 942 954 unum
975 918 1186 965 principem,
1214 918 1259 953 ad

80 991 198 1016 unum
227 981 478 1025 monarcham,
499 983 539 1015 ut
558 979 649 1015 sicut
671 990 765 1014 unus
787 983 840 1015 est
863 979 1029 1025 princeps
1053 979 1087 1013 in
1112 989 1260 1014 summo

80 1041 174 1076 coelo
200 1051 221 1076 a
249 1051 323 1086 quo
350 1040 553 1086 dependent
580 1050 719 1084 omnes,
739 1038 932 1086 *intellige
947 1036 983 1083 (Ἴ)
1010 1042 1179 1086 regentes
1198 1049 1260 1073 or—

81 1101 178 1145 bem,
206 1101 255 1136 ita
283 1104 377 1136 esset
406 1111 501 1135 unus
529 1100 695 1146 princeps
723 1100 758 1135 in
787 1103 896 1145 terra,
924 1110 945 1135 a
974 1110 1048 1144 quo
1075 1099 1260 1145 depende-

82 1164 163 1196 rent
189 1160 353 1196 omnes*
369 1156 404 1204 (²)
434 1170 539 1206 reges
568 1160 693 1195 mundi
723 1160 971 1206 gubernantes
1005 1170 1128 1206 regna.
1162 1159 1261 1195 Istud

83 1223 207 1256 autem
229 1220 294 1255 suit
314 1223 481 1266 tempore
502 1220 668 1266 Augusti,
689 1220 794 1255 cuius
816 1220 937 1255 Caesar
957 1220 1022 1254 suit
1042 1219 1144 1265 quasi
1166 1230 1260 1265 prae-

82 1291 223 1326 cursor,
247 1291 314 1316 nec
342 1291 505 1326 unquam
526 1280 619 1315 alius
638 1284 724 1315 ante
750 1290 836 1316 eum
865 1284 1035 1326 potuerat
1061 1281 1262 1316 obtinuisse

84 1341 177 1376 istud
205 1340 386 1376 bravium.
402 1343 495 1375 —E
520 1341 605 1384 quel.
627 1340 689 1375 Hic
709 1340 933 1375 Justinianus
962 1341 1054 1375 mira
1083 1341 1262 1376 brevitate

82 1404 244 1437 coarctat
272 1401 407 1436 bellum
436 1400 622 1447 gallicum,
650 1400 694 1436 de
723 1411 796 1446 quo
822 1401 938 1436 Julius
956 1401 1081 1437 Celsus
1102 1401 1204 1437 miles
1227 1404 1262 1436 et

85 1462 205 1497 socius
232 1461 394 1506 Caesaris,
415 1461 476 1506 qui
496 1461 666 1496 omnibus
690 1461 861 1506 interfuit,
879 1461 961 1497 facit
979 1462 1064 1497 satis
1084 1472 1262 1508 maguum

85 1522 270 1557 volumen.
292 1522 359 1557 Sed
379 1522 501 1567 aliqua
531 1532 648 1568 pauca
677 1525 974 1558 transcurrenter
993 1523 1181 1569 attingam.
1203 1523 1263 1558 Est

84 1581 196 1628 igitur
223 1581 424 1626 sciendum,
452 1581 548 1627 quod
568 1582 689 1617 Caesar
710 1582 741 1616 iu
762 1582 875 1617 Gallia
899 1583 1016 1628 primo
1040 1583 1164 1618 habuit
1185 1594 1263 1619 rem

85 1652 170 1677 cum
199 1642 369 1677 Helvetiis
397 1642 522 1677 vicinis
549 1642 744 1687 Gebennae,
773 1643 834 1687 qui
857 1653 928 1677 non
947 1643 1100 1678 audacia
1124 1643 1186 1678 sed
1206 1654 1265 1679 ra-

85 1701 143 1737 bie
169 1701 323 1737 incensis
352 1702 459 1738 terris
487 1712 630 1747 eorum,
659 1702 836 1748 parabant
864 1702 966 1738 exire
994 1702 1082 1738 fines
1111 1703 1262 1748 patriae,

87 1772 179 1806 quos
212 1762 423 1797 recedentes
451 1763 582 1806 Caesar,
612 1762 762 1798 transito
782 1762 969 1807 Rhodano,
989 1762 1158 1798 citissime
1178 1774 1263 1798 cum

87 1821 285 1857 incredibili
305 1821 484 1857 occisione
503 1821 646 1866 delevit,
667 1822 728 1867 qui
749 1822 863 1857 coacti
888 1826 972 1857 sunt
992 1833 1166 1868 reparare
1191 1828 1265 1859 ter-

89 1893 146 1918 ras
174 1892 316 1918 eorum.
346 1882 468 1917 Caesar
495 1882 623 1917 deinde
650 1882 872 1917 Ariovistum
907 1893 1033 1929 regem
1066 1893 1266 1928 germano—

90 1953 184 1987 rum,
204 1943 265 1987 qui
291 1942 482 1987 Sequanos
509 1942 706 1978 crudeliter
733 1943 974 1988 opprimebat,
1005 1942 1193 1987 requisivit
1220 1942 1266 1978 ad

88 2002 311 2047 colloquium
339 2012 478 2046 secum,
516 2001 576 2047 qui
611 2002 769 2047 superbe
803 2002 1004 2048 respondit:
1033 2006 1067 2037 et
1100 2002 1180 2047 quis
1213 2006 1266 2038 est

88 2062 233 2098 Caesar?
248 2066 375 2098 contra
392 2073 502 2108 quem
525 2062 646 2097 Caesar
667 2062 729 2097 ivit
749 2063 783 2097 in
806 2063 1006 2107 Sequanos,
1028 2066 1063 2098 et
1084 2063 1266 2099 acerrima

91 2133 212 2169 pugna
241 2123 442 2158 Ariovistus
478 2123 593 2158 victus
621 2122 762 2169 fugiens
791 2123 952 2158 transivit
981 2123 1149 2159 Rhenum
1178 2134 1265 2159 cum

91 2194 202 2229 parva
232 2184 399 2218 navicula
423 2183 585 2229 deposita
606 2183 746 2218 sarcina
766 2183 946 2229 superbiae
971 2194 1047 2219 suae
1066 2197 1073 2218 :
1094 2188 1128 2220 et
1146 2184 1267 2221 Caesar

153 2277 180 2305 (¹)
197 2277 221 2301 S.
240 2284 253 2300 e
272 2280 293 2304 4,
312 2278 486 2308 intelligentiae
505 2281 631 2308 regentes.

154 2314 181 2345 (²)
199 2317 234 2339 Le
251 2317 337 2346 parole
355 2316 393 2340 fra
411 2317 418 2340 i
436 2318 485 2340 due
503 2317 634 2341 asterischi
651 2324 714 2341 sono
732 2317 842 2348 supplite
860 2318 927 2348 dagli
944 2318 1003 2342 altri
1021 2321 1060 2341 tre
1077 2317 1172 2342 Codici.
