1737 2836
493 248 631 273 ‹tANTus
657 249 818 274 TERTms.
1171 243 1239 276 369

62 321 175 353 totam
203 318 334 363 vitam;
364 319 459 355 unde
485 319 589 366 virgo
617 323 671 355 est
698 330 780 365 quae
807 323 930 356 sancta
952 325 1006 356 est
1028 331 1183 368 corpore
1205 326 1241 358 et

61 377 201 423 spiritu,
218 381 258 412 ut
275 378 325 414 ait
343 380 538 424 apostolus.
555 380 646 415 Nota
667 380 776 415 etiam
792 380 890 425 quod
906 381 1093 427 virginitas
1113 382 1240 417 nobilis

60 438 217 473 conditio
237 449 382 484 semper
401 439 465 474 suit
485 439 519 474 in
543 440 659 485 pretio
678 440 787 475 etiam
808 443 893 476 ante
914 441 1054 476 cultum
1075 442 1240 478 christia-

60 508 117 533 nae
137 498 333 545 religionis,
348 499 439 534 sicut
456 500 569 545 patuit
589 500 624 534 in
642 499 791 546 Orithya
816 501 940 546 regina
955 501 1184 538 Amazonum
1206 506 1241 539 et

60 557 96 592 in
124 558 326 604 virginibus
354 559 561 604 vestalibus,
588 561 730 603 sorella,
758 559 859 605 idest,
878 570 984 595 soror
1000 558 1036 605 (¹)
1060 563 1238 598 monacha

62 618 245 663 monialis:
273 623 309 654 et
335 619 488 655 deberes
517 629 780 666 recognoscere
797 615 831 663 (²)
868 630 927 655 me
955 620 1037 656 licet
1063 621 1129 656 sim
1158 623 1240 668 pul—

60 677 158 713 crior
184 678 220 713 in
248 678 319 714 vita
343 680 420 724 ista,
441 690 553 724 quam
582 690 641 715 me
664 679 795 715 videris
822 679 858 714 in
886 683 1007 715 vestra
1032 681 1236 727 mundana:

59 737 176 773 unde:
205 749 222 772 e
246 749 282 773 se
309 740 343 773 la
372 743 480 774 mente
507 743 565 775 ίιια
592 740 652 774 ben
681 741 728 774 mi
753 741 942 784 rz‘yuczrda,
966 741 1067 787 idest,
1091 741 1118 776 si
1145 742 1239 778 bene

60 807 210 833 revocas
229 798 273 833 ad
301 799 531 843 memoriam,
551 810 619 834 mm
648 801 695 834 mi
720 801 744 834 li
770 795 882 834 celet-d,
910 802 930 835 Γ
945 811 1039 836 esser
1058 799 1118 846 pict
1137 802 1234 837 bella.

58 856 101 891 Et
129 857 186 892 hic
214 861 297 893 nota
326 858 424 903 quod
451 858 496 894 de
525 859 699 894 Picharda
733 859 955 905 pulcerrima
989 864 1089 896 recte
1123 862 1239 907 potuit

56 917 124 953 dici
159 918 247 953 illud
278 919 435 965 Virgilii:
474 921 619 954 Gratim
654 924 686 954 ec
712 921 838 964 pulcro
874 922 1010 955 veniens
1041 932 1059 955 e
1091 932 1239 966 corpore

61 979 178 1012 virtus.
207 979 382 1021 Quamvis
410 979 506 1015 enim
540 980 677 1015 Seneca
704 979 811 1025 dicat,
839 981 937 1026 quod
973 981 1037 1016 sihi
1072 981 1239 1017 videatur

58 1048 202 1074 errasse
229 1039 411 1085 Virgilius,
435 1050 507 1075 non
527 1039 631 1075 video
658 1050 786 1085 quare,
815 1041 899 1086 quia
930 1052 1002 1077 non
1029 1042 1116 1077 dixit
1140 1043 1236 1087 quod

58 1098 174 1133 virtus
201 1098 245 1133 sit
272 1099 390 1134 maior
427 1100 482 1134 vel
519 1099 712 1145 perfectior
745 1100 779 1135 in
812 1101 940 1146 pulcro
976 1112 1141 1148 corpore,
1176 1103 1237 1138 sed

57 1159 197 1205 gratior
219 1158 356 1204 Judicio
384 1159 596 1195 videntium.
618 1160 652 1195 Si
678 1160 774 1196 enim
801 1161 926 1207 pulcra
946 1162 990 1197 sit
1010 1162 1136 1208 pudica
1158 1173 1237 1198 ma-

56 1219 111 1265 gis
137 1218 310 1254 laudatur
338 1222 374 1254 et
400 1219 516 1266 magis
544 1223 597 1255 est
624 1223 727 1266 grata
756 1221 972 1267 videntibus⁷
1001 1222 1082 1258 licet
1117 1222 1233 1258 forma

57 1289 128 1314 non
156 1278 201 1313 sit
227 1288 285 1314 res
313 1278 500 1324 invidiosa,
528 1279 602 1315 imo
629 1279 760 1325 saepius
787 1281 974 1327 damnosa,
994 1285 1034 1317 ut
1061 1282 1177 1328 patuit
1199 1283 1233 1317 in

55 1338 203 1383 Helena,
238 1338 367 1374 Paride
398 1342 434 1373 et
468 1338 623 1384 Caesare,
655 1350 714 1374 ma
746 1342 1008 1384 re'coynoscerai
1037 1343 1134 1377 clz'z'o
1168 1353 1231 1377 son

55 1399 243 1443 Piccarda,
275 1408 386 1443 quam
417 1402 455 1433 tu
484 1399 612 1434 novisti
640 1399 674 1434 in
704 1400 787 1445 vita,
813 1404 848 1436 et
875 1401 920 1437 de
948 1412 1020 1447 qua
1049 1405 1087 1437 tu
1115 1402 1232 1448 petisti

54 1459 204 1494 fratrem
234 1468 359 1493 meum
388 1458 577 1494 Foresium
616 1459 650 1494 in
685 1461 909 1507 purgatorio.
939 1462 981 1496 Et
1009 1462 1123 1509 tangit
1155 1473 1234 1498 sor-

53 1522 139 1563 tem,
168 1518 309 1554 dicens:
339 1519 396 1553 che
416 1522 521 1563 posta
540 1521 610 1564 qui,
631 1519 777 1564 scilicet,
801 1520 835 1555 in
858 1531 1012 1567 corpore
1035 1522 1143 1567 lunae,
1168 1533 1233 1557 con

52 1580 160 1622 questi
177 1579 261 1613 allri
278 1578 379 1621 beati>
398 1578 543 1623 scilicet,
563 1579 777 1625 virginibus,
797 1580 897 1615 beata
923 1591 986 1615 son
1015 1583 1105 1616 nella
1126 1593 1232 1626 spera

52 1635 111 1683 ρὶἲι
138 1639 257 1682 tarda,
285 1638 428 1683 scilicet,
465 1638 572 1674 lunae.
612 1639 664 1674 Ad
697 1640 794 1685 quod
827 1644 880 1676 est
910 1641 1098 1677 sciendum
1134 1642 1231 1687 quod

56 1698 308 1744 unusquisque
334 1699 478 1744 planeta
506 1699 688 1734 consumit
714 1699 794 1746 plus
822 1701 879 1736 vel
911 1701 1031 1736 minus
1060 1703 1233 1748 temporis

53 1758 88 1793 in
125 1769 192 1793 suo
224 1768 334 1794 cursu
372 1759 575 1794 secundum
612 1759 856 1796 maioritatem
892 1761 949 1797 vel
984 1761 1229 1798 minoritatem

52 1818 277 1853 circulorum
305 1818 541 1863 eorumdem3
570 1819 667 1863 quia,
688 1819 833 1866 scilicet,
853 1820 1013 1856 circulus
1042 1822 1149 1857 unius
1176 1826 1231 1858 est

53 1877 171 1913 maior
197 1878 334 1913 circulo
360 1878 522 1923 alterius,
552 1878 738 1923 quoniam,
764 1883 803 1914 ut
831 1883 986 1916 testatur
1012 1882 1229 1927 Macrobius,

52 1948 180 1973 omnes
207 1938 360 1983 planetae
387 1937 576 1983 {equaliter
604 1942 817 1984 moventur3
836 1950 920 1975 nam
942 1940 988 1975 ita
1009 1941 1079 1976 cito
1102 1941 1230 1977 transit

53 1998 138 2034 luna
167 2009 281 2033 unum
310 1998 467 2033 stadium
494 1997 539 2032 de
566 1998 703 2033 circulo
737 2009 803 2033 suo
839 1999 932 2034 sicut
960 2001 1011 2035 sol
1042 2012 1155 2035 unum
1185 2001 1230 2037 de

52 2069 144 2103 su03
172 2058 252 2094 ideo
279 2058 365 2093 luna
394 2057 537 2093 videtur
557 2057 716 2093 velocior
736 2058 770 2092 in
792 2063 893 2094 motu
913 2070 980 2095 suo
999 2070 1084 2095 cum
1106 2064 1230 2097 tamen

53 2128 125 2154 non
144 2118 197 2153 sit.
218 2118 287 2153 Sed
306 2118 363 2153 hic
381 2128 486 2163 spera
507 2118 602 2152 lunae
625 2117 829 2163 appellatur
853 2119 968 2164 tarda,
992 2119 1081 2155 idest
1104 2131 1229 2166 parva,

52 2178 138 2223 quia
165 2178 332 2213 describit
361 2178 541 2213 minorem
563 2177 766 2223 circulum5
787 2179 842 2214 vel
864 2179 995 2214 dicitur
1023 2180 1123 2216 tarda
1145 2180 1230 2226 quia

114 2308 140 2336 (¹)
158 2307 186 2330 E.
205 2314 279 2331 soror
297 2308 421 2331 monialis.
677 2307 702 2334 ‘²3
725 2311 741 2332 t.
761 2315 915 2339 cognoscere
934 2316 983 2333 me.

185 2361 222 2381 lv.
1068 2364 1093 2384 24
