<?xml version="1.0" encoding="UTF-8"?>
<!DOCTYPE html PUBLIC "-//W3C//DTD XHTML 1.0 Transitional//EN"
    "http://www.w3.org/TR/xhtml1/DTD/xhtml1-transitional.dtd">
<html xmlns="http://www.w3.org/1999/xhtml" xml:lang="en" lang="en">
 <head>
  <title>
</title>
<meta http-equiv="Content-Type" content="text/html;charset=utf-8" />
  <meta name='ocr-system' content='tesseract 3.04.00' />
  <meta name='ocr-capabilities' content='ocr_page ocr_carea ocr_par ocr_line ocrx_word'/>
</head>
<body>
  <div class='ocr_page' id='page_1' title='image "./comentumsuperdan04benvuoft_0087.png"; bbox 0 0 1737 2836; ppageno 0'>
   <div class='ocr_carea' id='block_1_1' title="bbox 352 226 1214 267">
    <p class='ocr_par' dir='ltr' id='par_1_1' title="bbox 352 226 1214 267">
     <span class='ocr_line' id='line_1_1' title="bbox 352 226 1214 267; baseline -0.009 -3"><span class='ocrx_word' id='word_1_1' title='bbox 352 239 488 264; x_wconf 74' lang='lat' dir='ltr'>CANTUS</span> <span class='ocrx_word' id='word_1_2' title='bbox 516 237 706 263; x_wconf 71' lang='lat' dir='ltr'>leEsimus</span> <span class='ocrx_word' id='word_1_3' title='bbox 732 235 907 267; x_wconf 66' lang='lat' dir='ltr'><strong>QUARTUS.</strong></span> <span class='ocrx_word' id='word_1_4' title='bbox 1170 226 1214 256; x_wconf 76' lang='lat'>75</span> 
     </span>
    </p>
   </div>
   <div class='ocr_carea' id='block_1_2' title="bbox 48 307 1236 2209">
    <p class='ocr_par' dir='ltr' id='par_1_2' title="bbox 48 307 1236 2209">
     <span class='ocr_line' id='line_1_2' title="bbox 49 307 1217 361; baseline -0.009 -11"><span class='ocrx_word' id='word_1_5' title='bbox 49 314 144 361; x_wconf 89' lang='lat' dir='ltr'>quod</span> <span class='ocrx_word' id='word_1_6' title='bbox 171 314 303 348; x_wconf 86' lang='lat' dir='ltr'>Dantes</span> <span class='ocrx_word' id='word_1_7' title='bbox 332 312 449 347; x_wconf 84' lang='lat' dir='ltr'>suerat</span> <span class='ocrx_word' id='word_1_8' title='bbox 477 310 688 345; x_wconf 87' lang='lat' dir='ltr'>mirabiliter</span> <span class='ocrx_word' id='word_1_9' title='bbox 715 311 915 352; x_wconf 83' lang='lat' dir='ltr'>amoratus,</span> <span class='ocrx_word' id='word_1_10' title='bbox 934 309 969 342; x_wconf 95' lang='lat' dir='ltr'>et</span> <span class='ocrx_word' id='word_1_11' title='bbox 993 307 1128 341; x_wconf 77' lang='lat' dir='ltr'>fecerat</span> <span class='ocrx_word' id='word_1_12' title='bbox 1151 315 1217 339; x_wconf 90' lang='lat' dir='ltr'>no—</span> 
     </span>
     <span class='ocr_line' id='line_1_3' title="bbox 48 367 1217 414; baseline -0.009 -5"><span class='ocrx_word' id='word_1_13' title='bbox 48 375 136 410; x_wconf 89' lang='lat' dir='ltr'>biles</span> <span class='ocrx_word' id='word_1_14' title='bbox 162 372 346 408; x_wconf 87' lang='lat' dir='ltr'>cantiones</span> <span class='ocrx_word' id='word_1_15' title='bbox 372 371 416 406; x_wconf 91' lang='lat' dir='ltr'>de</span> <span class='ocrx_word' id='word_1_16' title='bbox 443 380 587 414; x_wconf 79' lang='lat' dir='ltr'>amore3</span> <span class='ocrx_word' id='word_1_17' title='bbox 612 369 692 404; x_wconf 87' lang='lat' dir='ltr'>ideo</span> <span class='ocrx_word' id='word_1_18' title='bbox 711 368 872 413; x_wconf 85' lang='lat' dir='ltr'>loquitur</span> <span class='ocrx_word' id='word_1_19' title='bbox 894 367 939 402; x_wconf 90' lang='lat' dir='ltr'>de</span> <span class='ocrx_word' id='word_1_20' title='bbox 960 376 1004 402; x_wconf 89' lang='lat' dir='ltr'>eo</span> <span class='ocrx_word' id='word_1_21' title='bbox 1027 369 1217 410; x_wconf 82' lang='lat' dir='ltr'>tamquam</span> 
     </span>
     <span class='ocr_line' id='line_1_4' title="bbox 49 425 1218 479; baseline -0.011 -9"><span class='ocrx_word' id='word_1_22' title='bbox 49 435 94 470; x_wconf 90' lang='lat' dir='ltr'>de</span> <span class='ocrx_word' id='word_1_23' title='bbox 121 433 279 479; x_wconf 88' lang='lat' dir='ltr'>quodam</span> <span class='ocrx_word' id='word_1_24' title='bbox 309 431 425 475; x_wconf 86' lang='lat' dir='ltr'>tertio,</span> <span class='ocrx_word' id='word_1_25' title='bbox 453 430 593 464; x_wconf 89' lang='lat' dir='ltr'>dicens:</span> <span class='ocrx_word' id='word_1_26' title='bbox 614 439 682 474; x_wconf 83' lang='lat' dir='ltr'>ego</span> <span class='ocrx_word' id='word_1_27' title='bbox 710 428 855 473; x_wconf 89' lang='lat' dir='ltr'>quidem</span> <span class='ocrx_word' id='word_1_28' title='bbox 884 427 955 462; x_wconf 83' lang='lat' dir='ltr'>dixi</span> <span class='ocrx_word' id='word_1_29' title='bbox 984 425 1045 461; x_wconf 90' lang='lat' dir='ltr'>tibi</span> <span class='ocrx_word' id='word_1_30' title='bbox 1071 425 1117 460; x_wconf 89' lang='lat' dir='ltr'>de</span> <span class='ocrx_word' id='word_1_31' title='bbox 1144 433 1218 469; x_wconf 90' lang='lat' dir='ltr'>quo</span> 
     </span>
     <span class='ocr_line' id='line_1_5' title="bbox 51 484 1218 532; baseline -0.009 -3"><span class='ocrx_word' id='word_1_32' title='bbox 51 492 352 529; x_wconf 88' lang='lat' dir='ltr'>murmurabam:</span> <span class='ocrx_word' id='word_1_33' title='bbox 373 492 433 525; x_wconf 78' lang='lat' dir='ltr'>JJa</span> <span class='ocrx_word' id='word_1_34' title='bbox 459 490 518 532; x_wconf 73' lang='lat' dir='ltr'>cli’,</span> <span class='ocrx_word' id='word_1_35' title='bbox 534 488 635 532; x_wconf 79' lang='lat' dir='ltr'>idest,</span> <span class='ocrx_word' id='word_1_36' title='bbox 656 487 717 522; x_wconf 89' lang='lat' dir='ltr'>sed</span> <span class='ocrx_word' id='word_1_37' title='bbox 747 491 784 521; x_wconf 90' lang='lat' dir='ltr'>tu</span> <span class='ocrx_word' id='word_1_38' title='bbox 812 486 868 521; x_wconf 87' lang='lat' dir='ltr'>dic</span> <span class='ocrx_word' id='word_1_39' title='bbox 888 486 985 531; x_wconf 79' lang='lat' dir='ltr'>milii,</span> <span class='ocrx_word' id='word_1_40' title='bbox 1003 487 1029 519; x_wconf 83' lang='lat' dir='ltr'>s&#39;</span> <span class='ocrx_word' id='word_1_41' title='bbox 1045 487 1077 519; x_wconf 70' lang='lat' dir='ltr'>io</span> <span class='ocrx_word' id='word_1_42' title='bbox 1097 484 1218 527; x_wconf 69' lang='lat' dir='ltr'>veyya&#39;o</span> 
     </span>
     <span class='ocr_line' id='line_1_6' title="bbox 51 545 1220 598; baseline -0.009 -10"><span class='ocrx_word' id='word_1_43' title='bbox 51 554 108 598; x_wconf 77' lang='lat' dir='ltr'>qui</span> <span class='ocrx_word' id='word_1_44' title='bbox 137 553 239 595; x_wconf 74' lang='lat' dir='ltr'>colui,</span> <span class='ocrx_word' id='word_1_45' title='bbox 269 550 414 594; x_wconf 88' lang='lat' dir='ltr'>scilicet,</span> <span class='ocrx_word' id='word_1_46' title='bbox 448 549 626 583; x_wconf 80' lang='lat' dir='ltr'><strong>Dantem:</strong></span> <span class='ocrx_word' id='word_1_47' title='bbox 655 549 759 582; x_wconf 88' lang='lat' dir='ltr'>erant</span> <span class='ocrx_word' id='word_1_48' title='bbox 786 545 883 580; x_wconf 92' lang='lat' dir='ltr'>enim</span> <span class='ocrx_word' id='word_1_49' title='bbox 918 545 963 579; x_wconf 87' lang='lat' dir='ltr'>ibi</span> <span class='ocrx_word' id='word_1_50' title='bbox 998 548 1070 579; x_wconf 88' lang='lat' dir='ltr'>tres</span> <span class='ocrx_word' id='word_1_51' title='bbox 1103 546 1220 589; x_wconf 78' lang='lat' dir='ltr'>poetae</span> 
     </span>
     <span class='ocr_line' id='line_1_7' title="bbox 52 604 1221 658; baseline -0.011 -9"><span class='ocrx_word' id='word_1_52' title='bbox 52 614 128 649; x_wconf 84' lang='lat' dir='ltr'>Sine</span> <span class='ocrx_word' id='word_1_53' title='bbox 154 622 272 658; x_wconf 82' lang='lat' dir='ltr'>poena,</span> <span class='ocrx_word' id='word_1_54' title='bbox 300 610 361 646; x_wconf 90' lang='lat' dir='ltr'>sed</span> <span class='ocrx_word' id='word_1_55' title='bbox 388 609 486 643; x_wconf 88' lang='lat' dir='ltr'>solus</span> <span class='ocrx_word' id='word_1_56' title='bbox 512 608 644 643; x_wconf 91' lang='lat' dir='ltr'>Dantes</span> <span class='ocrx_word' id='word_1_57' title='bbox 671 606 786 649; x_wconf 82' lang='lat' dir='ltr'>vivus,</span> <span class='ocrx_word' id='word_1_58' title='bbox 806 615 917 650; x_wconf 89' lang='lat' dir='ltr'>quem</span> <span class='ocrx_word' id='word_1_59' title='bbox 946 604 1012 639; x_wconf 89' lang='lat' dir='ltr'>iste</span> <span class='ocrx_word' id='word_1_60' title='bbox 1038 604 1131 638; x_wconf 87' lang='lat' dir='ltr'>bene</span> <span class='ocrx_word' id='word_1_61' title='bbox 1159 612 1221 637; x_wconf 87' lang='lat' dir='ltr'>co-</span> 
     </span>
     <span class='ocr_line' id='line_1_8' title="bbox 51 661 1221 720; baseline -0.01 -12"><span class='ocrx_word' id='word_1_62' title='bbox 51 672 264 720; x_wconf 81' lang='lat' dir='ltr'>gnoscebat:</span> <span class='ocrx_word' id='word_1_63' title='bbox 293 669 389 704; x_wconf 90' lang='lat' dir='ltr'>unde</span> <span class='ocrx_word' id='word_1_64' title='bbox 415 668 517 703; x_wconf 88' lang='lat' dir='ltr'>dicit:</span> <span class='ocrx_word' id='word_1_65' title='bbox 545 669 603 702; x_wconf 68' lang='lat' dir='ltr'>elce</span> <span class='ocrx_word' id='word_1_66' title='bbox 626 668 728 712; x_wconf 79' lang='lat' dir='ltr'>suore</span> <span class='ocrx_word' id='word_1_67' title='bbox 755 669 877 708; x_wconf 74' lang='lat' dir='ltr'>trasse,</span> <span class='ocrx_word' id='word_1_68' title='bbox 906 663 1008 708; x_wconf 91' lang='lat' dir='ltr'>idest,</span> <span class='ocrx_word' id='word_1_69' title='bbox 1036 663 1071 697; x_wconf 92' lang='lat' dir='ltr'>in</span> <span class='ocrx_word' id='word_1_70' title='bbox 1104 661 1221 707; x_wconf 85' lang='lat' dir='ltr'>publi-</span> 
     </span>
     <span class='ocr_line' id='line_1_9' title="bbox 52 723 1220 776; baseline -0.01 -9"><span class='ocrx_word' id='word_1_71' title='bbox 52 743 149 776; x_wconf 88' lang='lat' dir='ltr'>cum,</span> <span class='ocrx_word' id='word_1_72' title='bbox 177 733 205 766; x_wconf 83' lang='lat' dir='ltr'>le</span> <span class='ocrx_word' id='word_1_73' title='bbox 232 741 340 765; x_wconf 73' lang='lat' dir='ltr'>›move</span> <span class='ocrx_word' id='word_1_74' title='bbox 366 731 453 764; x_wconf 72' lang='lat' dir='ltr'>rime</span> <span class='ocrx_word' id='word_1_75' title='bbox 479 727 732 769; x_wconf 68' lang='grc' dir='ltr'><strong><em>εοηιίησίαηιίο,</em></strong></span> <span class='ocrx_word' id='word_1_76' title='bbox 760 735 871 760; x_wconf 89' lang='lat' dir='ltr'>unam</span> <span class='ocrx_word' id='word_1_77' title='bbox 899 723 1118 767; x_wconf 87' lang='lat' dir='ltr'>cantionem,</span> <span class='ocrx_word' id='word_1_78' title='bbox 1138 731 1220 766; x_wconf 84' lang='lat' dir='ltr'>quae</span> 
     </span>
     <span class='ocr_line' id='line_1_10' title="bbox 52 782 1225 838; baseline -0.01 -11"><span class='ocrx_word' id='word_1_79' title='bbox 52 792 191 838; x_wconf 81' lang='lat' dir='ltr'>incipit:</span> <span class='ocrx_word' id='word_1_80' title='bbox 220 794 345 825; x_wconf 73' lang='lat' dir='ltr'>Domee</span> <span class='ocrx_word' id='word_1_81' title='bbox 371 790 419 824; x_wconf 77' lang='lat' dir='ltr'>cle&#39;</span> <span class='ocrx_word' id='word_1_82' title='bbox 435 792 530 823; x_wconf 75' lang='lat' dir='ltr'>(wele</span> <span class='ocrx_word' id='word_1_83' title='bbox 557 788 713 822; x_wconf 78' lang='lat' dir='ltr'>intellello</span> <span class='ocrx_word' id='word_1_84' title='bbox 741 787 773 820; x_wconf 78' lang='lat' dir='ltr'>d’</span> <span class='ocrx_word' id='word_1_85' title='bbox 788 795 910 819; x_wconf 79' lang='lat' dir='ltr'>amore</span> <span class='ocrx_word' id='word_1_86' title='bbox 936 786 975 818; x_wconf 90' lang='lat' dir='ltr'>Io</span> <span class='ocrx_word' id='word_1_87' title='bbox 1003 785 1055 817; x_wconf 81' lang='lat' dir='ltr'>vo&#39;</span> <span class='ocrx_word' id='word_1_88' title='bbox 1075 793 1139 817; x_wconf 77' lang='lat' dir='ltr'>con</span> <span class='ocrx_word' id='word_1_89' title='bbox 1169 782 1225 815; x_wconf 74' lang='lat' dir='ltr'>roi</span> 
     </span>
     <span class='ocr_line' id='line_1_11' title="bbox 53 845 1224 890; baseline -0.01 -2"><span class='ocrx_word' id='word_1_90' title='bbox 53 854 143 888; x_wconf 78' lang='lat' dir='ltr'>della</span> <span class='ocrx_word' id='word_1_91' title='bbox 171 854 239 887; x_wconf 75' lang='lat' dir='ltr'>mia</span> <span class='ocrx_word' id='word_1_92' title='bbox 266 854 394 886; x_wconf 79' lang='lat' dir='ltr'>Donna</span> <span class='ocrx_word' id='word_1_93' title='bbox 416 851 492 884; x_wconf 76' lang='lat' dir='ltr'>dire</span> <span class='ocrx_word' id='word_1_94' title='bbox 519 851 586 883; x_wconf 88' lang='lat' dir='ltr'>etc.</span> <span class='ocrx_word' id='word_1_95' title='bbox 616 847 656 881; x_wconf 88' lang='lat' dir='ltr'>Et</span> <span class='ocrx_word' id='word_1_96' title='bbox 684 845 802 881; x_wconf 83' lang='lat' dir='ltr'>subdit</span> <span class='ocrx_word' id='word_1_97' title='bbox 826 847 929 890; x_wconf 88' lang='lat' dir='ltr'>poeta</span> <span class='ocrx_word' id='word_1_98' title='bbox 949 854 1053 878; x_wconf 90' lang='lat' dir='ltr'>suam</span> <span class='ocrx_word' id='word_1_99' title='bbox 1074 852 1224 888; x_wconf 89' lang='lat' dir='ltr'>respon-</span> 
     </span>
     <span class='ocr_line' id='line_1_12' title="bbox 53 902 1222 957; baseline -0.01 -9"><span class='ocrx_word' id='word_1_100' title='bbox 53 913 204 957; x_wconf 79' lang='lat' dir='ltr'>sionem,</span> <span class='ocrx_word' id='word_1_101' title='bbox 245 911 309 947; x_wconf 85' lang='lat' dir='ltr'>etsi</span> <span class='ocrx_word' id='word_1_102' title='bbox 349 909 577 956; x_wconf 79' lang='lat' dir='ltr'>Bonaginnta</span> <span class='ocrx_word' id='word_1_103' title='bbox 618 908 737 942; x_wconf 84' lang='lat' dir='ltr'>suerat</span> <span class='ocrx_word' id='word_1_104' title='bbox 778 906 921 940; x_wconf 90' lang='lat' dir='ltr'>locutus</span> <span class='ocrx_word' id='word_1_105' title='bbox 961 906 1079 947; x_wconf 89' lang='lat' dir='ltr'>caute,</span> <span class='ocrx_word' id='word_1_106' title='bbox 1119 902 1222 947; x_wconf 85' lang='lat' dir='ltr'>quasi</span> 
     </span>
     <span class='ocr_line' id='line_1_13' title="bbox 54 962 1223 1011; baseline -0.01 -3"><span class='ocrx_word' id='word_1_107' title='bbox 54 972 174 1008; x_wconf 87' lang='lat' dir='ltr'>dicens</span> <span class='ocrx_word' id='word_1_108' title='bbox 210 971 340 1006; x_wconf 86' lang='lat' dir='ltr'>tacite:</span> <span class='ocrx_word' id='word_1_109' title='bbox 381 980 418 1005; x_wconf 90' lang='lat' dir='ltr'>es</span> <span class='ocrx_word' id='word_1_110' title='bbox 458 973 495 1004; x_wconf 90' lang='lat' dir='ltr'>tu</span> <span class='ocrx_word' id='word_1_111' title='bbox 532 968 589 1003; x_wconf 90' lang='lat' dir='ltr'>ille</span> <span class='ocrx_word' id='word_1_112' title='bbox 616 968 759 1011; x_wconf 90' lang='lat' dir='ltr'>Dantes,</span> <span class='ocrx_word' id='word_1_113' title='bbox 789 965 851 1010; x_wconf 90' lang='lat' dir='ltr'>qui</span> <span class='ocrx_word' id='word_1_114' title='bbox 883 967 956 999; x_wconf 89' lang='lat' dir='ltr'>tam</span> <span class='ocrx_word' id='word_1_115' title='bbox 989 962 1137 1009; x_wconf 79' lang='lat' dir='ltr'>egregie</span> <span class='ocrx_word' id='word_1_116' title='bbox 1169 962 1223 997; x_wconf 86' lang='lat' dir='ltr'>lo-</span> 
     </span>
     <span class='ocr_line' id='line_1_14' title="bbox 55 1022 1225 1070; baseline -0.01 -3"><span class='ocrx_word' id='word_1_117' title='bbox 55 1035 162 1068; x_wconf 91' lang='lat' dir='ltr'>cutus</span> <span class='ocrx_word' id='word_1_118' title='bbox 189 1031 283 1066; x_wconf 87' lang='lat' dir='ltr'>suisti</span> <span class='ocrx_word' id='word_1_119' title='bbox 310 1030 355 1065; x_wconf 91' lang='lat' dir='ltr'>de</span> <span class='ocrx_word' id='word_1_120' title='bbox 393 1028 544 1064; x_wconf 90' lang='lat' dir='ltr'>materia</span> <span class='ocrx_word' id='word_1_121' title='bbox 573 1026 734 1062; x_wconf 78' lang='lat' dir='ltr'>amoris?</span> <span class='ocrx_word' id='word_1_122' title='bbox 773 1025 851 1070; x_wconf 88' lang='lat' dir='ltr'>Ipse</span> <span class='ocrx_word' id='word_1_123' title='bbox 891 1022 1083 1068; x_wconf 83' lang='lat' dir='ltr'>respondet</span> <span class='ocrx_word' id='word_1_124' title='bbox 1118 1024 1225 1056; x_wconf 88' lang='lat' dir='ltr'>caute</span> 
     </span>
     <span class='ocr_line' id='line_1_15' title="bbox 56 1081 1224 1135; baseline -0.011 -8"><span class='ocrx_word' id='word_1_125' title='bbox 56 1095 91 1127; x_wconf 87' lang='lat' dir='ltr'>et</span> <span class='ocrx_word' id='word_1_126' title='bbox 117 1092 277 1135; x_wconf 77' lang='lat' dir='ltr'>honeste,</span> <span class='ocrx_word' id='word_1_127' title='bbox 304 1090 437 1134; x_wconf 81' lang='lat' dir='ltr'>dicens,</span> <span class='ocrx_word' id='word_1_128' title='bbox 466 1087 563 1133; x_wconf 87' lang='lat' dir='ltr'>quod</span> <span class='ocrx_word' id='word_1_129' title='bbox 590 1085 740 1131; x_wconf 74' lang='lat' dir='ltr'>scripsit,</span> <span class='ocrx_word' id='word_1_130' title='bbox 764 1082 965 1119; x_wconf 90' lang='lat' dir='ltr'>secundum</span> <span class='ocrx_word' id='word_1_131' title='bbox 995 1081 1091 1127; x_wconf 86' lang='lat' dir='ltr'>quod</span> <span class='ocrx_word' id='word_1_132' title='bbox 1118 1091 1224 1116; x_wconf 86' lang='lat' dir='ltr'>amor</span> 
     </span>
     <span class='ocr_line' id='line_1_16' title="bbox 56 1140 1224 1193; baseline -0.011 -6"><span class='ocrx_word' id='word_1_133' title='bbox 56 1151 199 1187; x_wconf 77' lang='lat' dir='ltr'>dictavit</span> <span class='ocrx_word' id='word_1_134' title='bbox 231 1150 306 1185; x_wconf 89' lang='lat' dir='ltr'>sihi.</span> <span class='ocrx_word' id='word_1_135' title='bbox 336 1149 426 1185; x_wconf 85' lang='lat' dir='ltr'>Dicit</span> <span class='ocrx_word' id='word_1_136' title='bbox 460 1158 569 1193; x_wconf 84' lang='lat' dir='ltr'>ergo:</span> <span class='ocrx_word' id='word_1_137' title='bbox 602 1150 633 1180; x_wconf 78' lang='lat' dir='ltr'>et</span> <span class='ocrx_word' id='word_1_138' title='bbox 666 1147 699 1180; x_wconf 78' lang='lat' dir='ltr'>io</span> <span class='ocrx_word' id='word_1_139' title='bbox 732 1154 754 1178; x_wconf 86' lang='grc' dir='ltr'><em>α</em></span> <span class='ocrx_word' id='word_1_140' title='bbox 792 1145 850 1186; x_wconf 75' lang='lat' dir='ltr'>lui,</span> <span class='ocrx_word' id='word_1_141' title='bbox 878 1141 1004 1187; x_wconf 85' lang='lat' dir='ltr'>supple</span> <span class='ocrx_word' id='word_1_142' title='bbox 1039 1140 1224 1186; x_wconf 81' lang='lat' dir='ltr'>respondi:</span> 
     </span>
     <span class='ocr_line' id='line_1_17' title="bbox 56 1200 1227 1251; baseline -0.011 -5"><span class='ocrx_word' id='word_1_143' title='bbox 56 1213 89 1246; x_wconf 81' lang='lat' dir='ltr'>io</span> <span class='ocrx_word' id='word_1_144' title='bbox 117 1212 162 1245; x_wconf 68' lang='lat' dir='ltr'>mi</span> <span class='ocrx_word' id='word_1_145' title='bbox 187 1221 248 1245; x_wconf 82' lang='lat' dir='ltr'>son</span> <span class='ocrx_word' id='word_1_146' title='bbox 284 1221 327 1244; x_wconf 72' lang='lat' dir='ltr'>zm</span> <span class='ocrx_word' id='word_1_147' title='bbox 363 1210 433 1251; x_wconf 73' lang='lat' dir='ltr'>elce,</span> <span class='ocrx_word' id='word_1_148' title='bbox 462 1207 602 1251; x_wconf 73' lang='lat' dir='ltr'>qnando</span> <span class='ocrx_word' id='word_1_149' title='bbox 634 1208 761 1239; x_wconf 72' lang='lat' dir='ltr'>Amore</span> <span class='ocrx_word' id='word_1_150' title='bbox 795 1204 907 1247; x_wconf 77' lang='lat' dir='ltr'>spira,</span> <span class='ocrx_word' id='word_1_151' title='bbox 943 1201 1043 1245; x_wconf 81' lang='lat' dir='ltr'>idest,</span> <span class='ocrx_word' id='word_1_152' title='bbox 1079 1200 1227 1245; x_wconf 78' lang='lat' dir='ltr'>inspirat</span> 
     </span>
     <span class='ocr_line' id='line_1_18' title="bbox 58 1259 1228 1315; baseline -0.011 -9"><span class='ocrx_word' id='word_1_153' title='bbox 58 1270 168 1315; x_wconf 78' lang='lat' dir='ltr'>milii3</span> <span class='ocrx_word' id='word_1_154' title='bbox 196 1274 231 1305; x_wconf 90' lang='lat' dir='ltr'>et</span> <span class='ocrx_word' id='word_1_155' title='bbox 263 1280 334 1304; x_wconf 91' lang='lat' dir='ltr'>non</span> <span class='ocrx_word' id='word_1_156' title='bbox 366 1268 541 1313; x_wconf 76' lang='lat' dir='ltr'>intelligas</span> <span class='ocrx_word' id='word_1_157' title='bbox 574 1265 619 1301; x_wconf 90' lang='lat' dir='ltr'>de</span> <span class='ocrx_word' id='word_1_158' title='bbox 649 1273 777 1299; x_wconf 89' lang='lat' dir='ltr'>amore</span> <span class='ocrx_word' id='word_1_159' title='bbox 807 1262 937 1297; x_wconf 82' lang='lat' dir='ltr'>divinae</span> <span class='ocrx_word' id='word_1_160' title='bbox 968 1261 1106 1307; x_wconf 78' lang='lat' dir='ltr'>gratiae,</span> <span class='ocrx_word' id='word_1_161' title='bbox 1135 1259 1228 1294; x_wconf 89' lang='lat' dir='ltr'>sicut</span> 
     </span>
     <span class='ocr_line' id='line_1_19' title="bbox 59 1321 1227 1376; baseline -0.01 -10"><span class='ocrx_word' id='word_1_162' title='bbox 59 1330 206 1376; x_wconf 92' lang='lat' dir='ltr'>quidam</span> <span class='ocrx_word' id='word_1_163' title='bbox 227 1329 313 1364; x_wconf 82' lang='lat' dir='ltr'>falso</span> <span class='ocrx_word' id='word_1_164' title='bbox 332 1329 593 1374; x_wconf 82' lang='lat' dir='ltr'>exposuerunt,</span> <span class='ocrx_word' id='word_1_165' title='bbox 619 1325 732 1359; x_wconf 89' lang='lat' dir='ltr'>immo</span> <span class='ocrx_word' id='word_1_166' title='bbox 750 1323 795 1358; x_wconf 91' lang='lat' dir='ltr'>de</span> <span class='ocrx_word' id='word_1_167' title='bbox 813 1332 940 1358; x_wconf 89' lang='lat' dir='ltr'>amore</span> <span class='ocrx_word' id='word_1_168' title='bbox 959 1321 1112 1365; x_wconf 83' lang='lat' dir='ltr'>lascivo;</span> <span class='ocrx_word' id='word_1_169' title='bbox 1132 1323 1227 1363; x_wconf 74' lang='lat' dir='ltr'>noto,</span> 
     </span>
     <span class='ocr_line' id='line_1_20' title="bbox 59 1385 1229 1434; baseline -0.01 -8"><span class='ocrx_word' id='word_1_170' title='bbox 59 1390 203 1434; x_wconf 78' lang='lat' dir='ltr'>scilicet,</span> <span class='ocrx_word' id='word_1_171' title='bbox 230 1390 266 1424; x_wconf 91' lang='lat' dir='ltr'>in</span> <span class='ocrx_word' id='word_1_172' title='bbox 300 1392 434 1432; x_wconf 87' lang='lat' dir='ltr'>mente,</span> <span class='ocrx_word' id='word_1_173' title='bbox 465 1398 482 1421; x_wconf 79' lang='lat' dir='ltr'>e</span> <span class='ocrx_word' id='word_1_174' title='bbox 519 1398 559 1420; x_wconf 77' lang='lat' dir='ltr'>vo</span> <span class='ocrx_word' id='word_1_175' title='bbox 589 1385 833 1429; x_wconf 72' lang='lat' dir='ltr'>sifflzificando,</span> <span class='ocrx_word' id='word_1_176' title='bbox 864 1385 968 1417; x_wconf 85' lang='lat' dir='ltr'>extra</span> <span class='ocrx_word' id='word_1_177' title='bbox 1002 1391 1066 1426; x_wconf 89' lang='lat' dir='ltr'>per</span> <span class='ocrx_word' id='word_1_178' title='bbox 1101 1389 1229 1415; x_wconf 78' lang='lat' dir='ltr'>versus</span> 
     </span>
     <span class='ocr_line' id='line_1_21' title="bbox 59 1439 1228 1494; baseline -0.01 -9"><span class='ocrx_word' id='word_1_179' title='bbox 59 1449 206 1494; x_wconf 76' lang='lat' dir='ltr'>amoris,</span> <span class='ocrx_word' id='word_1_180' title='bbox 225 1460 247 1483; x_wconf 77' lang='lat' dir='ltr'>a</span> <span class='ocrx_word' id='word_1_181' title='bbox 270 1450 346 1493; x_wconf 76' lang='lat' dir='ltr'>quel</span> <span class='ocrx_word' id='word_1_182' title='bbox 371 1448 472 1482; x_wconf 76' lang='lat' dir='ltr'>modo</span> <span class='ocrx_word' id='word_1_183' title='bbox 500 1447 557 1481; x_wconf 67' lang='lat' dir='ltr'>elce</span> <span class='ocrx_word' id='word_1_184' title='bbox 584 1446 675 1479; x_wconf 81' lang='lat' dir='ltr'>della</span> <span class='ocrx_word' id='word_1_185' title='bbox 701 1445 837 1486; x_wconf 66' lang='lat' dir='ltr'>(tenero,</span> <span class='ocrx_word' id='word_1_186' title='bbox 857 1441 1002 1485; x_wconf 81' lang='lat' dir='ltr'>scilieet,</span> <span class='ocrx_word' id='word_1_187' title='bbox 1025 1439 1228 1475; x_wconf 86' lang='lat' dir='ltr'>secundum</span> 
     </span>
     <span class='ocr_line' id='line_1_22' title="bbox 60 1499 1231 1554; baseline -0.009 -11"><span class='ocrx_word' id='word_1_188' title='bbox 60 1509 157 1554; x_wconf 89' lang='lat' dir='ltr'>quod</span> <span class='ocrx_word' id='word_1_189' title='bbox 184 1509 258 1554; x_wconf 87' lang='lat' dir='ltr'>ipse</span> <span class='ocrx_word' id='word_1_190' title='bbox 284 1518 389 1542; x_wconf 88' lang='lat' dir='ltr'>amor</span> <span class='ocrx_word' id='word_1_191' title='bbox 417 1507 618 1541; x_wconf 70' lang='lat' dir='ltr'>inflammat</span> <span class='ocrx_word' id='word_1_192' title='bbox 645 1514 727 1547; x_wconf 70' lang='lat' dir='ltr'>me,</span> <span class='ocrx_word' id='word_1_193' title='bbox 755 1502 848 1537; x_wconf 87' lang='lat' dir='ltr'>sicut</span> <span class='ocrx_word' id='word_1_194' title='bbox 875 1501 959 1536; x_wconf 91' lang='lat' dir='ltr'>olim</span> <span class='ocrx_word' id='word_1_195' title='bbox 980 1500 1104 1545; x_wconf 87' lang='lat' dir='ltr'>Apollo</span> <span class='ocrx_word' id='word_1_196' title='bbox 1132 1499 1231 1534; x_wconf 87' lang='lat' dir='ltr'>dice-</span> 
     </span>
     <span class='ocr_line' id='line_1_23' title="bbox 60 1558 1230 1612; baseline -0.009 -9"><span class='ocrx_word' id='word_1_197' title='bbox 60 1569 168 1603; x_wconf 89' lang='lat' dir='ltr'>batur</span> <span class='ocrx_word' id='word_1_198' title='bbox 203 1568 338 1602; x_wconf 92' lang='lat' dir='ltr'>intrare</span> <span class='ocrx_word' id='word_1_199' title='bbox 374 1570 519 1612; x_wconf 77' lang='lat' dir='ltr'>pectora</span> <span class='ocrx_word' id='word_1_200' title='bbox 559 1567 764 1610; x_wconf 86' lang='lat' dir='ltr'>poetarum,</span> <span class='ocrx_word' id='word_1_201' title='bbox 797 1564 833 1597; x_wconf 89' lang='lat' dir='ltr'>et</span> <span class='ocrx_word' id='word_1_202' title='bbox 867 1561 1004 1596; x_wconf 85' lang='lat' dir='ltr'>dictare</span> <span class='ocrx_word' id='word_1_203' title='bbox 1039 1558 1230 1594; x_wconf 79' lang='lat' dir='ltr'>materiam</span> 
     </span>
     <span class='ocr_line' id='line_1_24' title="bbox 61 1617 1231 1668; baseline -0.01 -5"><span class='ocrx_word' id='word_1_204' title='bbox 61 1627 346 1663; x_wconf 81' lang='lat' dir='ltr'>describendam.</span> <span class='ocrx_word' id='word_1_205' title='bbox 375 1627 417 1661; x_wconf 89' lang='lat' dir='ltr'>Et</span> <span class='ocrx_word' id='word_1_206' title='bbox 450 1625 505 1660; x_wconf 83' lang='lat' dir='ltr'>hic</span> <span class='ocrx_word' id='word_1_207' title='bbox 533 1627 628 1668; x_wconf 76' lang='lat' dir='ltr'>nota,</span> <span class='ocrx_word' id='word_1_208' title='bbox 657 1621 754 1668; x_wconf 88' lang='lat' dir='ltr'>quod</span> <span class='ocrx_word' id='word_1_209' title='bbox 782 1621 867 1656; x_wconf 92' lang='lat' dir='ltr'>olim</span> <span class='ocrx_word' id='word_1_210' title='bbox 900 1619 967 1654; x_wconf 87' lang='lat' dir='ltr'>fuit</span> <span class='ocrx_word' id='word_1_211' title='bbox 1001 1617 1231 1653; x_wconf 88' lang='lat' dir='ltr'>solummodo</span> 
     </span>
     <span class='ocr_line' id='line_1_25' title="bbox 62 1679 1232 1729; baseline -0.011 -6"><span class='ocrx_word' id='word_1_212' title='bbox 62 1687 242 1723; x_wconf 85' lang='lat' dir='ltr'>dictamen</span> <span class='ocrx_word' id='word_1_213' title='bbox 269 1686 408 1721; x_wconf 89' lang='lat' dir='ltr'>literale</span> <span class='ocrx_word' id='word_1_214' title='bbox 435 1689 507 1720; x_wconf 92' lang='lat' dir='ltr'>tam</span> <span class='ocrx_word' id='word_1_215' title='bbox 536 1684 571 1718; x_wconf 92' lang='lat' dir='ltr'>in</span> <span class='ocrx_word' id='word_1_216' title='bbox 600 1693 705 1729; x_wconf 90' lang='lat' dir='ltr'>prosa</span> <span class='ocrx_word' id='word_1_217' title='bbox 734 1691 845 1726; x_wconf 86' lang='lat' dir='ltr'>quam</span> <span class='ocrx_word' id='word_1_218' title='bbox 874 1679 909 1714; x_wconf 91' lang='lat' dir='ltr'>in</span> <span class='ocrx_word' id='word_1_219' title='bbox 937 1682 1079 1714; x_wconf 89' lang='lat' dir='ltr'>metro:</span> <span class='ocrx_word' id='word_1_220' title='bbox 1108 1679 1232 1723; x_wconf 90' lang='lat' dir='ltr'>postea</span> 
     </span>
     <span class='ocr_line' id='line_1_26' title="bbox 63 1736 1233 1782; baseline -0.012 1"><span class='ocrx_word' id='word_1_221' title='bbox 63 1747 155 1782; x_wconf 82' lang='lat' dir='ltr'>sorte</span> <span class='ocrx_word' id='word_1_222' title='bbox 182 1757 203 1782; x_wconf 87' lang='lat' dir='ltr'>a</span> <span class='ocrx_word' id='word_1_223' title='bbox 230 1745 393 1781; x_wconf 85' lang='lat' dir='ltr'>ducentis</span> <span class='ocrx_word' id='word_1_224' title='bbox 419 1744 522 1779; x_wconf 87' lang='lat' dir='ltr'>annis</span> <span class='ocrx_word' id='word_1_225' title='bbox 549 1743 639 1778; x_wconf 87' lang='lat' dir='ltr'>citra</span> <span class='ocrx_word' id='word_1_226' title='bbox 667 1742 856 1777; x_wconf 82' lang='lat' dir='ltr'>inventum</span> <span class='ocrx_word' id='word_1_227' title='bbox 876 1741 929 1774; x_wconf 88' lang='lat' dir='ltr'>est</span> <span class='ocrx_word' id='word_1_228' title='bbox 951 1738 1132 1773; x_wconf 89' lang='lat' dir='ltr'>dictamen</span> <span class='ocrx_word' id='word_1_229' title='bbox 1151 1736 1233 1770; x_wconf 86' lang='lat' dir='ltr'>vul-</span> 
     </span>
     <span class='ocr_line' id='line_1_27' title="bbox 64 1795 1231 1853; baseline -0.011 -11"><span class='ocrx_word' id='word_1_230' title='bbox 64 1817 166 1853; x_wconf 85' lang='lat' dir='ltr'>gare,</span> <span class='ocrx_word' id='word_1_231' title='bbox 193 1809 228 1841; x_wconf 87' lang='lat' dir='ltr'>et</span> <span class='ocrx_word' id='word_1_232' title='bbox 255 1805 319 1840; x_wconf 87' lang='lat' dir='ltr'>suit</span> <span class='ocrx_word' id='word_1_233' title='bbox 345 1816 367 1839; x_wconf 92' lang='lat' dir='ltr'>a</span> <span class='ocrx_word' id='word_1_234' title='bbox 394 1803 567 1849; x_wconf 85' lang='lat' dir='ltr'>principio</span> <span class='ocrx_word' id='word_1_235' title='bbox 594 1802 781 1836; x_wconf 84' lang='lat' dir='ltr'>inventum</span> <span class='ocrx_word' id='word_1_236' title='bbox 806 1809 872 1845; x_wconf 90' lang='lat' dir='ltr'>pro</span> <span class='ocrx_word' id='word_1_237' title='bbox 900 1797 1053 1833; x_wconf 88' lang='lat' dir='ltr'>materia</span> <span class='ocrx_word' id='word_1_238' title='bbox 1075 1795 1231 1839; x_wconf 80' lang='lat' dir='ltr'>amoris;</span> 
     </span>
     <span class='ocr_line' id='line_1_28' title="bbox 65 1854 1231 1911; baseline -0.012 -9"><span class='ocrx_word' id='word_1_239' title='bbox 65 1867 127 1902; x_wconf 84' lang='lat' dir='ltr'>sed</span> <span class='ocrx_word' id='word_1_240' title='bbox 154 1866 210 1901; x_wconf 86' lang='lat' dir='ltr'>hic</span> <span class='ocrx_word' id='word_1_241' title='bbox 246 1868 350 1911; x_wconf 87' lang='lat' dir='ltr'>poeta</span> <span class='ocrx_word' id='word_1_242' title='bbox 378 1865 494 1910; x_wconf 88' lang='lat' dir='ltr'>ipsum</span> <span class='ocrx_word' id='word_1_243' title='bbox 524 1861 735 1897; x_wconf 84' lang='lat' dir='ltr'>mirabiliter</span> <span class='ocrx_word' id='word_1_244' title='bbox 769 1859 877 1894; x_wconf 80' lang='lat' dir='ltr'>traxit</span> <span class='ocrx_word' id='word_1_245' title='bbox 893 1854 928 1902; x_wconf 78' lang='lat'>(¹)</span> <span class='ocrx_word' id='word_1_246' title='bbox 962 1857 1007 1892; x_wconf 90' lang='lat' dir='ltr'>ad</span> <span class='ocrx_word' id='word_1_247' title='bbox 1041 1855 1231 1891; x_wconf 86' lang='lat' dir='ltr'>materiam</span> 
     </span>
     <span class='ocr_line' id='line_1_29' title="bbox 65 1915 1234 1969; baseline -0.011 -8"><span class='ocrx_word' id='word_1_248' title='bbox 65 1925 365 1968; x_wconf 74' lang='lat' dir='ltr'>honestissimam,</span> <span class='ocrx_word' id='word_1_249' title='bbox 386 1923 502 1969; x_wconf 85' lang='lat' dir='ltr'>qualis</span> <span class='ocrx_word' id='word_1_250' title='bbox 521 1925 574 1957; x_wconf 89' lang='lat' dir='ltr'>est</span> <span class='ocrx_word' id='word_1_251' title='bbox 593 1922 627 1956; x_wconf 93' lang='lat' dir='ltr'>in</span> <span class='ocrx_word' id='word_1_252' title='bbox 647 1931 713 1955; x_wconf 88' lang='lat' dir='ltr'>suo</span> <span class='ocrx_word' id='word_1_253' title='bbox 736 1922 913 1965; x_wconf 83' lang='lat' dir='ltr'>poemate.</span> <span class='ocrx_word' id='word_1_254' title='bbox 929 1937 977 1942; x_wconf 91' lang='lat'><strong>—</strong></span> <span class='ocrx_word' id='word_1_255' title='bbox 996 1919 1024 1951; x_wconf 92' lang='lat' dir='ltr'><strong><em>O</em></strong></span> <span class='ocrx_word' id='word_1_256' title='bbox 1047 1918 1151 1961; x_wconf 80' lang='lat' dir='ltr'>frate.</span> <span class='ocrx_word' id='word_1_257' title='bbox 1170 1915 1234 1949; x_wconf 84' lang='lat' dir='ltr'>Hic</span> 
     </span>
     <span class='ocr_line' id='line_1_30' title="bbox 65 1974 1233 2032; baseline -0.012 -10"><span class='ocrx_word' id='word_1_258' title='bbox 65 1989 172 2032; x_wconf 86' lang='lat' dir='ltr'>poeta</span> <span class='ocrx_word' id='word_1_259' title='bbox 198 1984 362 2029; x_wconf 81' lang='lat' dir='ltr'>ostendit,</span> <span class='ocrx_word' id='word_1_260' title='bbox 391 1981 575 2029; x_wconf 84' lang='lat' dir='ltr'>quomodo</span> <span class='ocrx_word' id='word_1_261' title='bbox 595 1980 822 2026; x_wconf 80' lang='lat' dir='ltr'>Bonagiunta</span> <span class='ocrx_word' id='word_1_262' title='bbox 841 1977 979 2013; x_wconf 78' lang='lat' dir='ltr'>extollit</span> <span class='ocrx_word' id='word_1_263' title='bbox 997 1986 1097 2020; x_wconf 88' lang='lat' dir='ltr'>eum,</span> <span class='ocrx_word' id='word_1_264' title='bbox 1115 1978 1151 2010; x_wconf 86' lang='lat' dir='ltr'>et</span> <span class='ocrx_word' id='word_1_265' title='bbox 1172 1974 1233 2009; x_wconf 88' lang='lat' dir='ltr'>dat</span> 
     </span>
     <span class='ocr_line' id='line_1_31' title="bbox 66 2036 1233 2091; baseline -0.012 -9"><span class='ocrx_word' id='word_1_266' title='bbox 66 2047 130 2082; x_wconf 90' lang='lat' dir='ltr'>sibi</span> <span class='ocrx_word' id='word_1_267' title='bbox 163 2046 320 2091; x_wconf 89' lang='lat' dir='ltr'>palmam</span> <span class='ocrx_word' id='word_1_268' title='bbox 355 2054 464 2089; x_wconf 90' lang='lat' dir='ltr'>super</span> <span class='ocrx_word' id='word_1_269' title='bbox 501 2051 629 2077; x_wconf 87' lang='lat' dir='ltr'>omnes</span> <span class='ocrx_word' id='word_1_270' title='bbox 663 2043 989 2084; x_wconf 88' lang='lat' dir='ltr'>contemporaneos</span> <span class='ocrx_word' id='word_1_271' title='bbox 1017 2036 1233 2070; x_wconf 72' lang='lat' dir='ltr'>inventores.</span> 
     </span>
     <span class='ocr_line' id='line_1_32' title="bbox 66 2093 1235 2146; baseline -0.013 -4"><span class='ocrx_word' id='word_1_272' title='bbox 66 2106 167 2142; x_wconf 88' lang='lat' dir='ltr'>Unde</span> <span class='ocrx_word' id='word_1_273' title='bbox 192 2105 294 2140; x_wconf 88' lang='lat' dir='ltr'>dicit:</span> <span class='ocrx_word' id='word_1_274' title='bbox 323 2104 480 2146; x_wconf 69' lang='lat' dir='ltr'>cliss&#39;egsle&#39;</span> <span class='ocrx_word' id='word_1_275' title='bbox 491 2115 504 2146; x_wconf 89' lang='lat'>,·</span> <span class='ocrx_word' id='word_1_276' title='bbox 533 2102 590 2136; x_wconf 92' lang='lat' dir='ltr'>ille</span> <span class='ocrx_word' id='word_1_277' title='bbox 609 2099 848 2145; x_wconf 82' lang='lat' dir='ltr'>Bonagiunta,</span> <span class='ocrx_word' id='word_1_278' title='bbox 866 2099 939 2132; x_wconf 75' lang='lat' dir='ltr'>issa</span> <span class='ocrx_word' id='word_1_279' title='bbox 958 2097 1053 2139; x_wconf 72' lang='lat' dir='ltr'>veyy’</span> <span class='ocrx_word' id='word_1_280' title='bbox 1068 2096 1114 2138; x_wconf 72' lang='lat'>1&#39;0,</span> <span class='ocrx_word' id='word_1_281' title='bbox 1135 2093 1235 2138; x_wconf 82' lang='lat' dir='ltr'>idest,</span> 
     </span>
     <span class='ocr_line' id='line_1_33' title="bbox 69 2154 1236 2209; baseline -0.013 -8"><span class='ocrx_word' id='word_1_282' title='bbox 69 2175 165 2201; x_wconf 90' lang='lat' dir='ltr'>nunc</span> <span class='ocrx_word' id='word_1_283' title='bbox 192 2164 296 2200; x_wconf 81' lang='lat' dir='ltr'>video</span> <span class='ocrx_word' id='word_1_284' title='bbox 324 2167 359 2199; x_wconf 88' lang='lat' dir='ltr'>et</span> <span class='ocrx_word' id='word_1_285' title='bbox 385 2171 577 2209; x_wconf 79' lang='lat' dir='ltr'>cognosco,</span> <span class='ocrx_word' id='word_1_286' title='bbox 606 2162 631 2195; x_wconf 74' lang='lat' dir='ltr'>il</span> <span class='ocrx_word' id='word_1_287' title='bbox 664 2160 767 2203; x_wconf 79' lang='lat' dir='ltr'>nodo,</span> <span class='ocrx_word' id='word_1_288' title='bbox 796 2157 896 2202; x_wconf 83' lang='lat' dir='ltr'>idest,</span> <span class='ocrx_word' id='word_1_289' title='bbox 925 2154 1236 2201; x_wconf 81' lang='lat' dir='ltr'>impedimentum,</span> 
     </span>
    </p>
   </div>
   <div class='ocr_carea' id='block_1_3' title="bbox 95 2235 1236 2252">
    <p class='ocr_par' dir='ltr' id='par_1_3' title="bbox 95 2235 1236 2252">
     <span class='ocr_line' id='line_1_34' title="bbox 95 2235 1236 2252; baseline 0 0"><span class='ocrx_word' id='word_1_290' title='bbox 95 2235 1236 2252; x_wconf 95' lang='lat' dir='ltr'> </span> 
     </span>
    </p>
   </div>
   <div class='ocr_carea' id='block_1_4' title="bbox 132 2286 368 2317">
    <p class='ocr_par' dir='ltr' id='par_1_4' title="bbox 132 2286 368 2317">
     <span class='ocr_line' id='line_1_35' title="bbox 132 2286 368 2317; baseline -0.013 -5"><span class='ocrx_word' id='word_1_291' title='bbox 132 2289 158 2317; x_wconf 83' lang='lat'>(¹)</span> <span class='ocrx_word' id='word_1_292' title='bbox 178 2289 230 2316; x_wconf 88' lang='grc'><strong>117,</strong></span> <span class='ocrx_word' id='word_1_293' title='bbox 250 2286 368 2310; x_wconf 73' lang='lat' dir='ltr'>traduxit.</span> 
     </span>
    </p>
   </div>
  </div>
 </body>
</html>
