1766 2856
490 245 559 277 466
883 248 1087 274 COMENTUM
1115 249 1281 273 PARADIsI

489 323 526 359 se*
550 328 670 366 slessa,
698 323 745 357 ob
772 322 917 367 culpam
947 330 1053 355 suam
1082 320 1116 355 in
1145 330 1293 367 genere,
1317 317 1406 365 pero
1438 321 1497 355 che
1522 321 1552 355 si
1579 324 1671 355 lorse

489 386 536 419 da
566 386 620 418 υία
647 384 684 418 cli
710 377 819 416 υενίίά
846 391 864 416 e
890 382 938 416 cla
964 391 1028 415 sua
1055 382 1138 424 vita,
1161 381 1264 425 idest,
1284 380 1369 426 quia
1389 380 1537 416 recessit
1555 391 1576 416 a
1595 380 1671 416 Deo

489 444 549 489 qui
578 446 631 479 est
659 443 728 487 via,
757 441 891 477 veritas
918 444 953 476 et
982 441 1065 485 vita‚
1095 444 1130 476 et
1157 441 1286 476 cecidit
1304 438 1337 485 (¹)
1363 441 1397 476 in
1424 441 1581 486 deviam,
1604 441 1670 476 sal-

488 504 630 539 sitatem
654 506 690 539 et
714 506 883 537 mortem.
899 522 948 526 —
963 504 1012 535 La
1032 511 1136 546 pena.
1156 501 1219 536 Hic
1239 502 1385 537 Beatrix
1405 501 1588 537 concludit
1607 512 1671 537 ve-

490 564 635 599 ritatem
651 562 860 608 quaestionis
875 572 939 607 per
959 572 1071 597 unam
1092 561 1379 607 distinctionem3
1396 565 1432 597 et
1452 562 1530 597 vult
1548 561 1670 597 brevi—

491 628 546 659 ter
573 624 695 659 dicere
723 623 820 668 quod
844 633 943 657 mors
962 622 1093 658 Christi
1113 622 1177 657 fuit
1191 623 1290 668 Justa
1314 625 1350 658 et
1369 622 1500 658 iniusta
1519 622 1671 658 diversis

492 685 728 730 respectibus.
746 683 834 718 Dicit
855 693 944 729 ergo
957 695 963 716 :
978 685 1125 727 Dumque
1144 684 1253 726 mellay
1271 683 1406 718 scilicet
1422 693 1541 729 poena,
1555 684 1671 726 qiam-

491 746 563 780 ηιαιῗ
589 755 716 788 morse,
736 744 838 787 idest,
857 743 997 788 punivit
1018 743 1192 789 aliquem,
1211 739 1239 778 sl
1258 745 1293 778 la
1313 754 1404 788 pena
1426 745 1484 779 che
1511 745 1546 778 la
1572 753 1672 778 croce

486 815 607 850 porse,
636 804 780 848 scilicet,
809 802 962 848 Christo7
983 814 1057 848 qua
1086 803 1184 838 nulla
1207 803 1272 838 suit
1292 803 1410 839 maior
1436 804 1481 839 ad
1510 814 1672 850 purgan-

490 865 573 900 dam
604 864 804 900 maximam
833 863 991 909 culpam7
1019 874 1054 898 se
1080 865 1111 898 si
1137 865 1284 907 misum,
1308 864 1408 908 idest,
1429 864 1456 899 si
1477 863 1672 908 reseratur⁷

490 926 562 959 alla
589 929 719 959 nalum
748 928 906 969 assecula,
937 923 1083 969 scilicet,
1118 925 1332 969 humanam,
1366 935 1478 970 quam
1509 925 1674 960 Christus

490 985 686 1030 assumpsit
706 988 744 1019 ut
774 984 989 1028 redimeret3
1018 995 1036 1018 e
1061 981 1131 1019 cos}
1153 986 1263 1029 nulla,
1292 985 1394 1030 idest,
1422 985 1469 1020 ita
1498 995 1519 1021 e
1545 988 1673 1021 contra

492 1045 591 1080 nulla
615 1055 734 1090 poena,
751 1047 790 1089 sa
809 1046 846 1079 ‹11ss
863 1049 960 1079 lama
980 1046 1134 1088 zssnyefura,
1155 1045 1244 1080 idest
1271 1045 1422 1090 offensa,
1441 1047 1669 1091 querelando,

492 1104 594 1150 idest,
623 1108 830 1150 respectum
856 1104 1035 1149 habendo,
1055 1106 1127 1139 alla
1142 1116 1298 1149 persona
1317 1107 1375 1140 che
1392 1109 1550 1151 somme,
1573 1106 1673 1151 idest,

491 1165 536 1201 ad
565 1165 748 1201 Christum
779 1165 841 1210 qui
870 1175 996 1210 passus
1024 1168 1077 1201 est
1106 1166 1231 1211 ipsam,
1260 1168 1293 1200 ιή
1322 1168 1392 1209 che,
1421 1167 1522 1211 idest7
1542 1167 1577 1201 in
1600 1177 1672 1212 qua

491 1236 647 1272 persona
667 1226 809 1271 Christi,
829 1236 892 1260 era
912 1230 1086 1261 commeta
1110 1228 1159 1260 [al
1174 1230 1317 1272 malm-a,
1340 1227 1475 1262 scilicet
1498 1227 1671 1262 humana.

492 1287 534 1321 Et
562 1287 618 1321 hic
647 1290 731 1321 nota
760 1286 857 1331 quod
885 1286 1048 1321 Christus
1076 1296 1203 1332 passus
1230 1290 1284 1322 est
1315 1287 1480 1332 passione
1498 1282 1533 1330 (ᾖ)
1560 1296 1675 1333 gene-

493 1347 670 1383 ralissima
699 1358 771 1382 non
800 1347 916 1382 solum
947 1346 1149 1382 secundum
1171 1346 1293 1381 omnia
1317 1346 1485 1382 membra
1511 1346 1674 1392 corporis

492 1408 714 1454 principalia,
742 1408 804 1443 sed
833 1407 942 1443 etiam
971 1407 1175 1442 secundum
1205 1417 1354 1442 omnem
1381 1407 1514 1442 animae
1546 1411 1674 1453 poten-

493 1468 601 1503 tiam:
630 1468 797 1514 passione
824 1467 1059 1503 acerbissima
1088 1478 1160 1503 non
1195 1467 1314 1503 solum
1348 1467 1514 1512 dolendo,
1544 1471 1583 1502 ut
1610 1477 1675 1513 pa-

492 1528 583 1563 tiens
612 1538 676 1574 per
704 1528 870 1572 vulnera,
900 1527 961 1562 sed
990 1527 1099 1563 etiam
1128 1527 1355 1562 condolendo
1384 1530 1421 1562 ut
1450 1527 1675 1573 compatiens

492 1591 640 1634 propter
664 1592 786 1623 nostra
807 1587 954 1622 delicta:
975 1587 1141 1633 passione
1161 1587 1503 1633 ignominiosissima
1526 1591 1676 1633 propter

492 1648 697 1693 patibulum
734 1647 853 1682 crucis
890 1647 984 1682 inter
1015 1647 1193 1682 latrones:
1227 1647 1394 1692 passione
1428 1647 1675 1693 peremptoria

494 1711 641 1753 propter
674 1707 942 1753 separationem
977 1707 1109 1742 animm
1148 1717 1168 1741 a
1210 1717 1376 1752 corpore‚
1411 1707 1510 1742 salva
1552 1711 1674 1743 tamen

495 1768 630 1803 unione
650 1768 843 1812 utriusque
862 1778 946 1802 cum
967 1767 1120 1802 deitate:
1138 1767 1232 1802 filius
1251 1767 1348 1802 enlm
1370 1771 1540 1802 naturam
1561 1779 1674 1813 quam

493 1829 607 1864 semel
635 1828 830 1873 assumpsit
858 1838 1061 1872 numquam
1091 1827 1234 1862 dimisit.
1251 1848 1298 1852 -—
1315 1823 1416 1862 Peri).
1446 1828 1508 1863 Hic
1527 1828 1673 1864 Beatrix

493 1898 536 1924 ex
566 1888 668 1924 dictis
696 1888 790 1924 elicit
818 1899 929 1923 unam
954 1888 1150 1923 notabilem
1171 1888 1403 1933 sententiam,
1423 1888 1558 1924 scilicet
1576 1888 1674 1934 quod

493 1959 589 1984 unus
617 1952 652 1984 et
680 1949 774 1984 idem
805 1952 908 1984 actus
928 1952 1045 1994 potest
1072 1959 1150 1984 esse
1177 1949 1295 1984 bonus
1322 1952 1357 1984 et
1386 1948 1503 1984 malus
1525 1949 1676 1985 diversi-

494 2009 611 2045 mode.
632 2010 675 2044 Et
693 2010 738 2045 ad
759 2009 867 2045 huius
886 2009 1000 2045 literae
1021 2009 1146 2045 utilem
1168 2009 1441 2056 intelligentiam
1463 2013 1516 2044 est
1535 2010 1672 2045 bonum

494 2073 622 2106 notare
650 2070 748 2115 quod
777 2070 948 2116 quamvis
971 2070 1088 2116 passio
1108 2070 1237 2106 Christi
1261 2070 1355 2105 bona
1376 2070 1484 2105 fuerit
1511 2070 1546 2104 in
1574 2080 1613 2105 se
1640 2074 1676 2106 et

492 2130 731 2175 sanctissima,
760 2134 795 2167 et
823 2132 986 2166 humano
1020 2130 1146 2177 generi
1180 2130 1379 2176 fructuosa,
1413 2133 1535 2166 tamen
1563 2131 1675 2177 judaei

495 2201 565 2226 non
594 2191 863 2227 constituerunt
891 2202 972 2227 eam
990 2187 1025 2236 (³),
1040 2187 1157 2227 ‘finem
1177 2202 1253 2225 suae
1273 2191 1424 2226 actionis
1443 2194 1592 2237 propter
1610 2192 1676 2227 bo-

578 2285 584 2312 )
605 2284 631 2307 Ι·’,,
650 2284 738 2307 cecidi!
759 2285 783 2308 in
803 2285 947 2308 salsitatem.
1112 2284 1138 2313 ζ’)
1157 2287 1178 2312 4,
1198 2285 1339 2314 passionem
1358 2284 1587 2315 generalissimam.

567 2283 573 2295 Ι

557 2286 584 2348 ίζ’)
602 2321 631 2344 E.
649 2328 704 2345 ean·
724 2323 755 2345 ad
773 2322 858 2346 (inem.
