1737 2836
502 244 640 270 CANTUS
666 245 809 271 SEXTUS.
1177 242 1246 273 423

69 315 170 362 idest,
198 320 234 352 et
261 317 318 353 ille
346 317 408 363 qui
436 318 559 353 obviat
580 318 646 353 sibi
673 318 765 353 sicut
793 318 929 354 faciunt
949 319 1108 366 guelphi.
1128 321 1171 356 Et
1190 321 1247 357 hic

68 381 153 413 nota
181 378 278 423 quod
306 379 438 413 Dantes
458 379 492 413 in
511 381 586 414 tota
609 379 674 414 ista
694 382 798 424 parte
819 379 970 415 intendit
993 380 1111 415 solum
1133 391 1245 416 unam

67 438 353 483 conclusionem,
381 438 515 473 scilicet
542 438 639 483 quod
669 449 865 473 romanum
899 439 1095 485 imperium
1124 451 1145 476 a
1172 441 1247 477 Deo

68 497 177 532 habet
206 498 449 534 universalem
479 498 784 544 gubernationem
808 499 916 534 orbis.
941 500 1042 536 Unde
1069 501 1246 548 Josepbus

68 557 171 593 dicit:
200 562 300 594 certe
327 559 403 593 sine
422 558 496 593 Deo
515 558 734 604 impossibile
757 562 810 593 est
830 560 900 595 tale
924 560 1120 606 imperinm
1141 572 1247 608 posse

69 619 268 654 consistere
287 616 333 663 ζ’),
355 619 444 654 idest
467 618 647 663 mundum
669 629 752 653 nam
774 622 814 653 ut
833 619 948 654 voluit
968 620 1080 667 Plato,
1097 625 1149 657 est
1168 622 1247 657 ani-

71 679 143 713 mal
172 689 367 725 magnum:
397 678 505 714 modo
538 678 630 713 sicut
657 679 792 714 animal
827 679 964 715 habens
997 681 1102 725 plura
1130 682 1246 727 capita

70 741 124 774 est
152 742 427 773 monstruosum
458 749 523 774 nec
551 738 637 773 vivit
664 742 729 773 aut
755 739 873 784 durat,
900 739 947 775 ita
975 740 1020 775 ad
1047 741 1140 777 bene
1167 752 1247 777 esse

71 798 137 833 suit
155 799 375 834 conveniens
395 798 574 834 mundum
596 799 732 834 habere
752 810 866 834 unum
885 804 1005 846 caput7
1021 801 1111 837 idest
1130 812 1245 837 unum

70 859 330 893 monarcham:
359 859 438 893 talis
470 862 595 894 autem
629 859 695 893 fuit
730 870 906 894 romanus
933 860 1122 906 princep53
1150 861 1247 897 unde

70 919 190 954 nullus
217 919 309 954 alius
333 919 449 965 potuit
471 919 651 965 attingere
675 919 769 954 istud
794 920 986 955 bravium:
1010 920 1090 956 ideo
1114 921 1248 956 Plinius

69 979 104 1014 in
140 979 497 1015 commendationem
535 980 661 1015 Romae
695 980 789 1024 dicit,
818 981 915 1025 quod
952 981 1034 1016 fecit
1067 981 1247 1016 mundum

71 1039 209 1075 bonum
238 1043 273 1074 et
300 1039 422 1075 docuit
450 1040 615 1075 homines
646 1040 781 1075 vivere.
798 1061 846 1065 —
869 1042 956 1076 l'ede'.
989 1041 1050 1076 Hic
1078 1041 1248 1077 Justinia-

71 1110 139 1134 nus
160 1099 303 1134 inchoat
323 1110 535 1145 processum
557 1099 818 1135 miraculosum
840 1101 989 1145 aquilem
1006 1104 1040 1136 et
1057 1101 1173 1147 primo
1193 1101 1248 1136 in-

69 1159 152 1204 cipit
180 1169 199 1193 a
229 1159 344 1204 prima
375 1159 523 1194 victoria
552 1170 663 1204 quam
693 1160 819 1194 habuit
846 1160 881 1195 in
915 1161 1013 1196 ltalia
1042 1161 1109 1196 sul)
1138 1162 1245 1196 Enea.

70 1219 121 1254 Ad
150 1219 247 1264 quod
275 1222 329 1254 est
355 1219 516 1255 breviter
545 1220 796 1265 repetendum,
825 1221 921 1265 quod
956 1222 1071 1256 Eneas
1099 1221 1248 1257 veniens

71 1279 105 1313 in
133 1279 270 1313 ltaliam
300 1279 453 1314 obtinuit
480 1279 665 1314 Laxiniam
696 1280 805 1315 [iliam
829 1280 941 1315 Latini
966 1281 1062 1327 regis
1089 1281 1124 1316 in
1153 1292 1247 1317 uxo-

72 1349 150 1374 rem
178 1342 326 1385 propter
353 1339 406 1373 sui
435 1339 671 1384 nobilitatem,
701 1351 810 1385 quam
831 1336 865 1384 (²)
896 1340 993 1386 prius
1016 1341 1161 1376 Turnus
1181 1352 1244 1377 rex

71 1400 293 1435 Rutulorum
311 1400 457 1445 juvenis
475 1399 750 1435 ardentissimus
771 1400 917 1446 optabat
936 1405 971 1436 et
993 1402 1163 1447 sperabat
1182 1402 1247 1437 ha-

71 1460 158 1495 bere
187 1464 333 1505 propter
362 1460 439 1495 eius
467 1460 636 1495 decorem
666 1464 701 1495 et
729 1461 995 1496 successionem
1017 1462 1137 1508 regni:
1158 1473 1244 1508 pro-

70 1523 150 1566 pter
178 1520 274 1565 quod
302 1524 383 1555 orto
412 1530 545 1565 magno
573 1520 667 1555 hello
687 1521 802 1556 Encas
824 1520 918 1556 inter
945 1521 1034 1556 alios
1061 1522 1246 1558 adiutores

72 1580 195 1615 habuit
224 1580 423 1615 Pallantem
447 1580 624 1625 juvenem
645 1582 795 1615 staturae
814 1580 993 1626 gigantem
1015 1581 1129 1616 filium
1151 1582 1246 1628 regis

71 1639 238 1683 Evandri,
266 1639 328 1684 qui
361 1639 537 1685 regnabat
565 1639 599 1674 iu
632 1643 756 1675 monte
787 1640 960 1685 Palatino,
989 1641 1093 1676 cuius
1128 1645 1247 1677 mater

70 1700 272 1736 Carmentis
295 1700 411 1745 prima
434 1699 578 1745 reperiit
602 1700 724 1735 literas
752 1701 891 1736 latinas.
916 1701 1031 1736 Pallas
1059 1706 1139 1747 post
1166 1703 1248 1736 vul—

71 1770 159 1795 nera
187 1764 223 1795 et
250 1764 387 1795 mortes
416 1760 618 1794 multorum
648 1760 822 1795 nobilium
851 1761 995 1797 tandem
1024 1762 1166 1797 occisus
1193 1767 1246 1797 est

73 1830 182 1855 manu
212 1819 334 1854 Turni.
364 1819 433 1854 Sed
461 1819 576 1854 Encas
600 1819 714 1855 victor
733 1820 851 1855 occiso
871 1821 994 1855 Turno
1013 1821 1169 1856 obtinuit
1188 1832 1247 1857 re-

71 1890 185 1926 gnum
208 1879 417 1923 latinorum,
437 1889 511 1923 quo
530 1882 678 1914 mortuo
698 1880 873 1915 Ascanius
895 1880 988 1915 lilius
1015 1881 1093 1915 eius
1123 1881 1246 1916 relicto

73 1950 186 1986 regno
215 1950 382 1974 novercae
409 1939 566 1974 condidit
593 1940 734 1983 Albam,
755 1940 815 1974 ubi
838 1944 1086 1986 regnaverunt
1106 1940 1246 1976 duode—

72 2000 141 2036 cim
173 2010 277 2046 reges
304 1999 422 2034 albani
454 2009 571 2044 usque
598 1999 642 2034 ad
669 1999 880 2034 Romulum.
901 2000 953 2034 Ad
980 2000 1121 2035 literam
1144 2010 1245 2046 ergo,

71 2060 294 2095 Justinianus
330 2059 519 2095 exorditur
550 2058 594 2093 ad
627 2058 788 2103 dicenda,
821 2059 960 2094 dicens:
1004 2061 1084 2094 Vecte?
1118 2065 1246 2103 quamn

72 2118 160 2155 virbii
188 2121 265 2154 l'lza
290 2122 378 2165 stillo
405 2121 518 2163 dequo
537 2120 574 2153 (Ii
591 2129 796 2162 reverenw,
820 2119 905 2164 quia
925 2120 1042 2154 honor
1068 2123 1122 2155 est
1141 2121 1243 2155 exhi—

70 2180 156 2215 bitio
178 2179 392 2215 reverentia}
420 2179 454 2213 in
484 2178 733 2214 testimonium
755 2178 910 2224 virtum,
933 2191 950 2214 e
976 2176 1154 2224 comiaclo,
1176 2180 1245 2215 sci-

132 2310 158 2338 (¹)
176 2310 204 2333 E.
223 2311 375 2334 consistere:
394 2311 505 2334 mundus
522 2310 599 2336 enim,
617 2312 645 2333 ut
664 2310 752 2333 voluit.
864 2310 892 2339 (²)
911 2310 939 2334 E.
958 2317 1036 2340 quam
1055 2311 1133 2335 filiam
1151 2313 1229 2341 prius.
