1737 2836
500 233 638 259 cANrts
664 234 805 259 Pnfflcs.
1169 229 1237 261 325

65 307 220 343 effectu:
250 307 342 342 bene
369 316 548 352 cognosco
576 316 621 342 ex
649 307 768 342 verbis
805 306 874 341 tuis
911 317 1028 352 quare
1061 307 1238 353 coeperim

67 377 163 402 nunc
190 367 318 402 audire
346 376 483 402 novum
517 376 660 411 sonum,
695 370 731 402 et
766 366 891 402 videre
927 377 1063 402 novum
1100 367 1239 413 lumen,

65 426 127 462 sed
155 437 227 461 non
256 437 403 472 possum
431 436 653 472 cognoscere
681 426 836 471 qualiter
864 437 961 462 nunc
980 437 1064 462 cum
1085 437 1240 473 corpore

64 486 268 532 ponderoso
297 490 480 521 transeam
508 496 572 531 per
600 486 666 521 ista
693 497 847 532 corpora
875 487 978 522 levia.
1002 488 1045 522 Et
1066 488 1123 523 hic
1142 492 1238 533 nota,

62 546 189 592 lector,
217 547 314 592 quod
342 548 409 582 hoc
436 550 489 582 est
516 546 666 592 dignum
696 547 802 593 longa
830 547 1052 583 discussione
1069 545 1103 592 (¹)
1129 559 1240 594 super

63 607 129 642 ista
156 607 395 642 admiratione
421 606 583 651 autoris3
611 616 696 641 nam
728 607 862 641 Dantes
898 617 994 642 nunc
1029 612 1239 644 contractus

63 666 99 701 in
125 677 250 702 arcem
286 676 362 701 suae
397 666 526 701 mentis
561 666 819 712 speculabatur
853 667 962 702 simul
998 667 1170 703 vilitatem
1204 672 1240 704 et

63 727 324 762 sublimitatem
348 728 520 762 humanae
540 731 692 762 naturae.
713 727 816 772 Nam,
837 731 877 762 ut
897 727 1138 774 perstringam
1157 728 1239 774 plu-

63 787 156 822 rima
183 787 319 833 paucis,
349 787 434 821 nihil
463 787 631 822 miserius
657 787 815 832 homine,
853 787 939 822 nihil
971 788 1126 833 felicius,
1160 788 1239 823 rili-

63 851 174 882 tatem
204 847 351 892 quidem
380 847 632 882 considerabat
660 847 799 883 ratione
817 843 852 891 (ᾖ)
882 848 1044 883 materiae
1077 848 1239 894 corporis

64 908 327 953 pergravantis,
356 911 395 942 ut
422 908 609 953 eleganter
637 911 672 943 et
699 918 794 953 saepe
821 907 943 943 scribit
965 908 1100 943 Plinius
1119 908 1154 943 in
1174 919 1240 945 na-

64 967 173 1002 turali
192 967 340 1002 historia
357 979 364 1001 z
386 967 471 1012 quid
490 967 587 1002 enim
607 967 775 1002 miserius
794 967 941 1002 homine
960 967 1022 1012 qui
1042 972 1239 1014 conceptus

63 1027 99 1062 in
126 1027 255 1062 soetore
274 1027 441 1071 luxuriae,
463 1027 621 1061 nutritus
643 1027 840 1062 soedissimo
858 1027 1043 1073 alimento,
1061 1028 1158 1073 quod
1172 1038 1239 1064 no-

62 1086 203 1121 minare
230 1086 348 1131 pudor
374 1085 561 1131 prohibet,
583 1096 693 1131 quem
713 1089 913 1131 antequam
937 1090 1108 1122 nascatur
1126 1087 1239 1123 inter-

66 1145 153 1181 dum
181 1146 289 1180 foetor
315 1145 474 1180 candelae
494 1145 662 1181 extinctae
682 1146 860 1191 interficit,
884 1149 919 1182 et
941 1151 1068 1182 natum
1093 1157 1238 1182 morsus

65 1205 188 1241 culicis
215 1209 331 1250 necat,
360 1205 433 1240 imo
460 1205 552 1251 pilus
575 1206 610 1240 in
638 1206 730 1241 lacte
757 1206 948 1241 suss'ocavit
968 1207 1124 1242 nobilem
1152 1217 1240 1253 poe-

63 1269 138 1301 tam
165 1275 354 1312 graecum:
382 1266 493 1301 homo
522 1266 750 1301 miserrimus
786 1267 1010 1312 animalium,
1040 1268 1235 1313 hospitium

64 1325 310 1370 miseriarum,
340 1326 613 1370 receptaculum
647 1326 822 1371 sordium,
850 1326 1057 1362 subiectum
1088 1327 1238 1363 morbo-

62 1396 158 1430 rum,
178 1395 288 1431 egens
312 1385 490 1430 omnium,
511 1385 596 1420 nihil
618 1396 743 1421 secum
764 1389 883 1432 portat
901 1382 948 1431 (³),
968 1387 1061 1422 inter
1080 1387 1236 1432 dolores,

61 1456 188 1491 poenas
215 1449 250 1480 et
277 1444 457 1490 pericula:
487 1445 580 1480 inter
607 1445 839 1482 incommoda
867 1450 966 1482 tanta
995 1450 1068 1482 tam
1097 1451 1239 1483 naturae

62 1516 173 1550 quam
194 1505 361 1549 sortunae,
382 1505 492 1540 vitam
512 1506 587 1552 agit
606 1506 871 1551 brevissimam,
892 1517 1004 1551 quam
1028 1507 1238 1553 auspicatur

61 1575 83 1600 a
110 1564 277 1610 planctu,
306 1575 451 1610 semper
478 1564 673 1610 inquietus,
693 1565 865 1601 sollicitus
892 1566 937 1601 de
963 1567 1089 1613 gloria,
1112 1567 1157 1603 de
1175 1578 1239 1613 pe-

62 1624 182 1668 cunia,
209 1634 354 1669 semper
382 1627 538 1659 mortem
572 1624 714 1670 timens,
749 1636 821 1671 qua
856 1626 941 1661 nihil
978 1627 1107 1662 melius
1142 1627 1239 1663 dedit

62 1688 194 1720 natura
222 1684 370 1729 homini,
405 1694 490 1720 cum
525 1685 636 1720 homo
672 1686 808 1720 homini
840 1686 947 1722 faciat
981 1691 1033 1722 tot
1067 1688 1174 1733 mala,
1204 1691 1239 1723 et

62 1744 250 1780 insidietur
290 1744 373 1779 vita}
413 1744 636 1779 brevissimae
670 1755 735 1790 per
775 1749 826 1781 tot
861 1757 999 1792 genera
1036 1750 1238 1783 tormento-

64 1814 161 1848 rum,
189 1803 363 1838 mortium
392 1807 428 1839 et
465 1804 718 1840 ludibriorum.
747 1806 839 1848 Quid
867 1807 964 1852 quod
990 1807 1145 1853 pediculi
1172 1808 1238 1843 ali-

63 1863 210 1909 quando
239 1867 410 1898 roserunt
437 1874 563 1910 regem
591 1868 626 1900 et
650 1876 795 1901 vermes
824 1866 1109 1912 imperatorem?
1137 1868 1237 1904 Unde

63 1923 281 1969 quibusdam
310 1923 426 1958 visum
456 1927 507 1959 est
527 1925 705 1969 optimum
729 1936 807 1961 esse
827 1921 1009 1970 homini('*)
1032 1938 1103 1962 non
1127 1928 1237 1973 nasci,

64 1984 121 2019 vel
148 1983 219 2019 cito
247 1983 351 2019 mori.
379 1984 407 2018 E
434 1987 560 2019 contra
587 1988 712 2020 autem
741 1985 992 2021 considerabat
1018 1987 1150 2022 Dantes
1177 1998 1239 2022 su-

62 2043 278 2079 blimitatem
308 2044 462 2079 hominis
489 2048 668 2090 quantum
695 2045 740 2080 ad
768 2045 990 2081 intellectum
1019 2047 1122 2092 quasi
1147 2047 1238 2083 divi-

63 2114 163 2138 num.
192 2103 319 2138 Nonne
348 2107 474 2139 contra
503 2107 553 2139 tot
580 2114 716 2150 genera
736 2105 968 2140 miseriarum
991 2106 1100 2142 homo
1120 2117 1158 2143 se
1176 2118 1237 2143 ar-

63 2166 139 2197 mat
165 2173 230 2208 per
259 2165 309 2198 tot
335 2174 471 2209 genera
498 2163 633 2198 artium
662 2164 834 2199 imitando
862 2168 1063 2200 naturam?
1088 2167 1179 2202 Nam
1207 2168 1235 2202 si

124 2255 149 2282 (¹)
167 2255 196 2278 E.
214 2255 384 2279 distinctione.
574 2256 598 2285 (²)
618 2256 646 2279 E.
665 2257 763 2279 ratione
781 2258 898 2287 corporis
916 2259 1105 2287 praegravanlis.

125 2292 151 2321 (²)
168 2293 197 2315 E.
215 2295 299 2322 portat
317 2294 362 2316 uisi
380 2293 490 2321 dolores,
507 2294 615 2323 labores,
634 2301 720 2324 poenas
738 2297 771 2318 ct.
898 2295 924 2324 (⁶)
941 2295 971 2319 E.
989 2296 1129 2320 hominem.
