1766 2856
516 221 582 251 120
876 220 1078 246 COMENTL'M
1105 217 1326 244 PL'RGATORII

512 297 556 333 ad
582 296 677 332 istud
705 295 850 341 signum
877 292 975 338 quod
1003 291 1181 326 indicabat
1209 290 1327 335 ipsum
1363 298 1442 324 esse
1476 288 1614 323 vnum.
1644 287 1686 322 Et

511 357 647 392 subdit:
677 358 792 399 qzoesla
817 355 856 398 [ιι
883 355 917 387 [α
945 354 1067 396 cayz‘on
1089 352 1147 386 clee
1166 351 1262 385 cliecle
1289 350 1394 384 miz-io
1421 350 1498 383 loro
1517 359 1538 382 α
1555 349 1685 392 parlat-

511 418 548 451 (ῑὶ
573 427 637 459 me,
665 414 810 458 seilicet,
844 413 941 458 quod
978 422 1095 447 essem
1127 421 1213 446 vere
1246 410 1360 445 vivus.
1394 409 1496 444 Unde
1528 408 1634 444 dicit:
1672 418 1689 442 e

513 475 735 510 cominciarsi
762 483 783 507 α
811 474 899 516 dire,
932 471 1025 507 inter
1061 481 1110 516 se,
1138 466 1277 513 colui&
1307 480 1375 503 non
1397 478 1470 513 par
1496 478 1604 512 corpo
1632 468 1690 512 fic—

515 537 609 579 cisio,
637 535 784 577 scilicet,
820 542 971 568 aereum
1001 532 1109 577 quale
1136 541 1201 566 nos
1232 530 1422 574 habemUS,
1451 528 1513 564 sed
1543 537 1687 563 verum.

515 596 556 632 Et
582 595 676 639 dicit,
696 593 793 639 quod
821 592 929 637 aliqui
960 591 1040 627 facti
1067 591 1161 626 aridi
1186 590 1347 625 novitate
1374 588 1426 624 rei
1454 590 1689 624 accesserunt

515 665 643 690 versus
676 664 777 698 eum,
807 652 903 687 unde
935 651 1040 687 dicit:
1063 652 1126 695 μοι’
1158 651 1253 692 certi,
1286 649 1431 693 scilicet,
1467 648 1613 694 spiritus
1645 646 1690 682 de

516 715 624 750 turba
640 712 1036 758 hermaphroditarum,
1051 714 1090 745 ut
1106 709 1238 755 patebit
1260 712 1393 755 postea,
1409 710 1439 743 se?
1449 711 1575 754 sereno
1590 717 1691 742 verso

517 785 580 816 me,
609 773 654 808 ad
680 771 950 808 extremitatem
979 770 1081 816 ignis,
1109 773 1237 813 quanto
1260 773 1387 813 polean
1412 770 1517 813 farsi,
1545 767 1690 811 scilicet,

519 843 636 878 usque
662 831 707 867 ad
735 831 900 875 confinia,
919 840 1055 874 sempre
1076 840 1139 864 con
1159 830 1333 873 raynardo
1353 830 1389 862 cli
1406 838 1476 862 non
1497 828 1600 870 uscir,
1621 826 1692 861 sci—

517 893 609 937 licet,
625 896 728 927 extra
748 891 882 937 ignem,
897 892 984 925 (Iove
998 900 1066 926 non
1080 892 1216 935 sossero
1231 890 1319 932 cersi,
1335 888 1478 932 scilieet,
1495 887 1529 921 in
1546 887 1641 922 viam
1653 881 1688 931 (²)

518 953 579 987 uhi
607 955 711 987 erant
738 954 854 997 poetae
882 951 958 986 sine
985 961 1110 996 poena:
1133 949 1342 985 sicutenim
1363 951 1490 994 sponte
1515 956 1692 993 peccave-

520 1015 610 1056 rant,
639 1011 686 1046 ita
715 1014 841 1056 sponte
874 1010 1078 1055 puniuntur
1109 1009 1144 1044 in
1178 1009 1335 1056 igne—
1358 1011 1387 1043 O
1419 1012 1462 1042 lu.
1492 1007 1555 1042 Hic
1587 1009 1694 1052 poeta

518 1071 615 1118 ponit
644 1071 808 1116 pulcram
828 1070 1030 1105 orationem
1053 1069 1160 1104 unius
1179 1068 1223 1104 de
1243 1078 1398 1103 numero
1421 1066 1692 1113 praedictorum,

520 1132 581 1177 qui
601 1131 720 1176 primo
734 1134 853 1176 captat
873 1129 1117 1175 multipliciter
1136 1129 1440 1173 benevolentiam,
1456 1127 1592 1163 dicens:
1617 1129 1646 1162 O
1660 1130 1693 1161 eu

523 1193 581 1226 elce
602 1193 658 1225 rai
677 1192 767 1235 dopo
786 1192 859 1234 agli
876 1191 971 1233 αΙΙΓί,
990 1189 1134 1234 scilicet,
1155 1192 1232 1234 post
1251 1188 1440 1234 Virgilium
1465 1191 1500 1222 et
1526 1186 1694 1231 Statium,

523 1262 591 1286 mm
619 1262 683 1295 per
710 1262 802 1285 esser
824 1248 885 1295 piel
912 1251 1029 1293 tardo,
1057 1249 1161 1294 quasi
1188 1249 1292 1293 dicat,
1314 1259 1385 1283 non
1413 1248 1493 1284 ideo
1522 1247 1620 1293 quod
1648 1247 1694 1282 sis

523 1321 639 1346 novus
667 1314 772 1356 poeta
799 1313 835 1345 et
863 1310 909 1344 illi
939 1309 1090 1354 antiqui,
1119 1309 1203 1354 quia
1238 1312 1381 1354 tempus
1416 1318 1593 1354 magnum
1621 1318 1694 1342 non

523 1370 603 1406 facit
633 1370 784 1406 meliora
812 1369 987 1414 carmina,
1007 1369 1098 1404 sicut
1126 1369 1208 1404 facit
1228 1369 1379 1404 meliora
1399 1368 1501 1412 vina;
1520 1367 1624 1413 quasi
1642 1367 1696 1403 di-

523 1434 599 1465 cat:
628 1431 722 1466 bene
749 1439 872 1475 posses
900 1430 953 1464 ire
982 1440 1045 1474 par
1068 1439 1154 1464 cum
1174 1428 1363 1474 praedictis,
1383 1428 1465 1464 licet
1485 1428 1531 1463 sis
1550 1427 1697 1463 moder-

525 1501 605 1535 nus,
632 1490 694 1525 sed
722 1489 801 1524 ideo
829 1489 994 1533 sequeris
1013 1489 1101 1533 illos,
1126 1492 1165 1523 nt
1188 1488 1296 1523 facias
1324 1488 1374 1524 eis
1402 1489 1591 1533 honorem,
1611 1487 1697 1533 quia

525 1550 690 1585 Fecerunt
717 1549 834 1594 primo
854 1548 926 1583 tibi.
948 1548 1047 1583 Unde
1069 1548 1173 1583 dicit:
1194 1558 1252 1581 ma
1268 1550 1365 1592 forse
1384 1552 1574 1591 reverente,
1594 1548 1696 1592 idest,

524 1610 581 1645 vel
609 1609 701 1644 forte
729 1612 768 1643 ut
794 1608 840 1643 sis
869 1618 1041 1643 reverens
1064 1607 1253 1653 praedietis,
1272 1618 1293 1642 a
1313 1607 1445 1652 quibus
1467 1608 1581 1642 multa
1608 1607 1698 1642 didi-

525 1669 622 1714 cisti,
649 1670 809 1713 rz'sponcli
835 1678 857 1702 (ι
885 1678 936 1702 me
962 1669 1066 1702 clee’n
1094 1671 1160 1702 sele
1186 1678 1204 1701 e
1229 1669 1263 1701 in
1288 1669 1368 1712 foco
1391 1668 1504 1711 ardo;
1523 1667 1627 1712 quasi
1645 1667 1699 1702 di-

526 1734 602 1766 cat:
631 1729 724 1764 bene
750 1728 849 1763 vides
877 1727 973 1773 quod
1006 1727 1101 1763 male
1134 1727 1232 1773 loqui
1266 1738 1426 1773 possum,
1459 1727 1545 1772 qnia
1582 1728 1699 1763 multo

526 1789 654 1825 durius
681 1788 825 1824 crucior
853 1788 907 1822 siti
935 1787 1003 1822 suh
1030 1787 1113 1833 igne
1141 1797 1226 1822 cum
1254 1787 1327 1821 istis
1354 1787 1563 1832 luxuriosis,
1586 1797 1698 1832 quam

527 1849 644 1897 gulosi
663 1849 731 1883 sul)
749 1859 857 1893 aqua.
874 1848 916 1882 Et
933 1847 1126 1883 confirmat
1141 1847 1278 1882 dictum
1299 1857 1409 1881 suum
1429 1857 1493 1892 per
1513 1847 1697 1893 propriam

529 1908 853 1954 comparationem,
872 1907 1012 1942 dicens:
1037 1909 1070 1942 [α
1099 1911 1155 1941 (aa
1181 1908 1332 1951 risposca
1359 1904 1378 1942 e*
1403 1917 1506 1951 ιιορο,
1526 1906 1626 1952 idest,
1646 1910 1701 1942 est

530 1968 745 2012 necessaria,
773 1978 842 2002 non
870 1969 944 2002 solo
977 1978 999 2001 (ι
1035 1978 1097 2011 me,
1129 1966 1173 2002 ad
1203 1967 1494 2013 refrigerandum
1528 1967 1699 2003 ardorem

530 2032 565 2064 et
592 2028 697 2072 sitim,
718 2026 778 2063 che*
803 2029 875 2062 tulli
901 2029 1019 2071 questi,
1041 2027 1186 2071 seilicet,
1209 2026 1294 2062 socii
1316 2026 1400 2071 mei,
1418 2028 1579 2061 ‘n'leamzo
1601 2037 1702 2071 mag]-

528 2089 608 2132 92‘01‘
633 2091 712 2130 sele,
740 2087 840 2131 idest,
868 2087 1076 2123 aviditatem
1106 2086 1248 2122 bibendi
1277 2086 1389 2122 verba
1418 2090 1492 2132 tua,
1521 2088 1579 2122 clze
1604 2088 1701 2131 indo,

530 2147 629 2192 idest,
650 2157 760 2192 quam
783 2146 912 2191 aliquis
940 2146 1120 2181 habitator
1143 2146 1261 2191 lndiae,
1282 2156 1364 2191 quae
1390 2150 1444 2182 est
1471 2146 1506 2181 in
1533 2150 1702 2183 extremo

593 2276 615 2304 (¹¹
639 2277 690 2303 117,
708 2275 780 2301 colui,
798 2274 902 2303 scilicet,
921 2275 964 2298 ille
983 2275 1086 2299 ternus:
1105 2283 1153 2298 uon
1173 2283 1229 2306 par.
1356 2275 1382 2305 (³)
1401 2276 1430 2299 E.
1449 2276 1473 2299 in
1492 2276 1540 2300 via.
