1737 2836
488 181 625 208 CANTUS
652 183 834 208 SEPTIMUS.
1188 177 1258 208 475

79 254 179 300 pium
209 254 356 299 mundi3
376 258 411 290 et
435 255 561 300 pulcre
580 255 736 301 appellat
754 255 979 291 creationem
1002 255 1128 290 mundi
1148 254 1258 300 diem,

78 315 169 351 idest
203 315 420 360 claritatem7
447 315 734 352 destructionem
764 326 852 352 vero
887 319 1044 360 noctem,
1075 315 1166 351 idest
1192 315 1260 350 ob-

78 375 302 411 scuritatem.
332 376 374 410 Et
401 375 559 422 assignat
588 376 766 411 rationem
801 376 856 411 sui
889 376 984 420 dieti,
1017 376 1158 412 dicens:
1187 374 1259 419 clee',

78 435 179 481 idest,
208 435 306 481 quia,
328 434 391 480 piel
418 437 522 479 laryo
551 437 589 480 fic
622 437 690 470 Dio
724 446 747 470 a
778 437 847 470 dar
879 434 917 471 se*
946 440 1066 480 stesso,
1099 435 1259 471 uniendo

77 495 301 531 divinitatem
331 495 560 539 humanitati,
588 497 623 530 in
660 497 723 540 far
762 497 878 530 l'uom
909 498 1095 541 sufficiente
1122 507 1145 530 a.
1171 498 1256 531 rile-

80 557 188 599 varsi,
208 556 270 601 qui
290 566 354 601 per
382 567 420 592 se
447 556 565 591 solum
589 566 661 590 non
685 559 827 602 poterat
850 566 1057 603 resurgere‚
1077 558 1135 591 che
1153 558 1259 600 s'eylcss

78 625 196 650 avesse
222 617 276 650 sol
302 617 349 650 cla
375 614 414 651 se*
438 617 601 659 dimenso,
622 615 721 661 idest,
743 626 854 661 quam
884 617 912 651 si
939 618 1038 651 solus
1058 617 1155 652 Deus
1184 627 1257 652 non

77 675 194 711 factus
221 676 332 711 homo
360 676 557 711 remisisset
581 679 772 721 peccatum
792 676 838 712 de
856 676 1079 722 plenitudine
1098 680 1259 722 potesta-

78 736 131 771 tis.
160 735 244 771 Ideo
271 736 370 771 dicit:
400 747 417 770 e
444 738 516 771 lulli
541 738 590 779 ylt‘
616 737 700 770 altra·
733 737 826 771 modi
856 747 967 771 erano
997 738 1123 779 scarst',
1155 736 1257 781 idest,

77 796 243 832 defectivi
272 796 317 831 ad
346 796 634 842 redemptionem
654 793 689 841 U)
714 796 881 841 hominis,
902 798 974 831 alla
992 798 1168 840 yizcslizia,
1188 796 1257 832 sci-

77 856 171 901 licet,
200 856 341 901 dirime,
369 868 405 891 se
424 858 447 891 ’l
473 858 622 900 Fe'gsliztol
646 858 683 891 da·
709 858 776 891 Dio
803 868 875 891 non
899 859 992 902 fosse
1027 858 1181 891 amiliaco
1210 858 1260 891 ad

76 918 290 951 incarnarst.
321 917 362 951 Et
391 917 484 952 bene
510 917 611 961 dicit3
640 927 723 951 nam
752 917 787 951 in
816 917 1065 952 incarnatione
1089 916 1258 962 apparuit

76 978 236 1023 potentia
253 977 380 1022 Patris,
396 977 569 1023 sapientia
586 977 673 1021 Filii,
690 977 942 1012 benevolentia
958 977 1112 1022 Spiritus
1132 977 1256 1012 sancti.

76 1037 167 1072 Nam
198 1041 346 1083 peccato
373 1038 491 1072 solum
512 1037 668 1072 debetur
696 1047 802 1082 poena
831 1037 1032 1072 secundum
1057 1037 1255 1082 justitiamg

77 1100 113 1133 et
140 1097 323 1132 dimittere
352 1100 540 1142 peccatum
570 1097 767 1132 liberaliter
786 1097 863 1132 sine
886 1108 993 1142 poena
1022 1100 1101 1132 erat
1128 1100 1254 1132 contra

71 1157 251 1203 justitiam
287 1157 361 1201 Dei,
395 1157 456 1202 qui
490 1160 542 1192 est
575 1168 721 1192 summe
747 1158 882 1203 justus,
910 1161 945 1193 et
974 1168 1045 1192 non
1072 1157 1257 1193 dimittere

77 1222 156 1253 erat
175 1220 302 1252 contra
323 1217 610 1252 misericordiam
632 1218 710 1252 eius
730 1217 790 1262 qui
808 1220 861 1252 est
875 1227 1020 1252 summe
1037 1217 1254 1252 misericors.

157 1280 220 1321 Or,
237 1288 302 1322 pet·
324 1279 487 1321 empierlc'.
517 1278 585 1312 Ista
613 1281 666 1313 est
695 1278 800 1313 tertia
823 1288 906 1323 pars
927 1278 1108 1324 generalis
1129 1278 1163 1312 in
1183 1288 1255 1322 qua

76 1339 222 1374 Beatrix
251 1338 411 1373 declarat
445 1338 591 1373 tertium
625 1338 791 1383 dubium,
820 1338 918 1384 quod
952 1338 1070 1373 oritur
1104 1349 1147 1373 ex
1182 1348 1257 1373 uno

75 1399 170 1435 dicto
202 1399 370 1445 superius
405 1399 520 1444 posito
552 1399 588 1433 in
622 1399 802 1434 solutione
833 1398 1000 1434 secundi:
1037 1398 1123 1443 quia
1159 1398 1256 1433 enim

75 1459 213 1495 dictum
242 1462 296 1494 est
322 1470 432 1504 supra
461 1459 558 1504 quod
587 1459 709 1493 onmia
737 1462 860 1494 creata
881 1470 901 1494 a
921 1459 996 1493 Deo
1015 1462 1100 1493 sunt
1118 1463 1256 1495 [eterna

76 1524 112 1556 et
145 1519 443 1565 incorruptibilia,
472 1519 633 1554 declarat
666 1519 852 1564 quomodo
887 1518 980 1554 istud
1012 1519 1148 1553 dictum
1192 1519 1258 1553 ha—

75 1580 159 1615 beat
188 1580 391 1615 veritatem.
412 1580 455 1613 Et
483 1579 565 1614 volo
594 1583 628 1614 te
656 1579 749 1614 scire
768 1578 864 1623 quod
886 1589 957 1613 non
977 1582 1055 1613 erat
1078 1589 1170 1623 opus
1190 1578 1256 1613 ista

75 1640 322 1675 declaratione
338 1640 404 1684 hic,
420 1639 505 1684 quia
526 1639 628 1674 litera
650 1639 705 1674 illa
727 1642 779 1674 est
799 1639 884 1674 satis
899 1639 997 1674 clara
1014 1649 1078 1684 per
1099 1639 1131 1673 id
1156 1638 1255 1683 quod

75 1700 207 1735 dicitur
233 1700 310 1735 sine
338 1699 478 1743 medio;
508 1703 630 1734 tamen
657 1703 767 1734 autor
794 1699 876 1734 facit
904 1699 1008 1735 istam
1038 1699 1256 1734 declaratio-

76 1770 173 1804 nem,
207 1759 292 1804 quia
329 1759 470 1794 utimur
506 1760 686 1794 vocabulo
721 1759 915 1794 creationis
949 1759 1106 1794 multum
1141 1759 1255 1805 large7

76 1819 290 1866 appellando
318 1823 439 1854 creata
469 1830 489 1854 a
517 1820 592 1854 Deo
620 1830 867 1864 quaecumque
890 1819 980 1854 fiunt
1008 1830 1072 1864 per
1099 1829 1256 1864 genera-

76 1881 212 1916 tionem
243 1880 298 1915 vel
326 1880 611 1925 corruptionem.
640 1879 691 1914 Ad
721 1879 819 1924 quod
848 1882 902 1914 est
928 1878 1127 1913 notandum
1157 1877 1255 1922 quod

76 1941 173 1976 Deus
200 1940 322 1985 aliqua
350 1943 526 1985 operatur
554 1942 685 1974 natura
714 1939 906 1983 mediante,
930 1938 1030 1982 idest,
1052 1938 1254 1973 secundum

76 2012 312 2038 communem
342 2011 493 2036 cursum
514 2003 676 2044 naturae3
697 2002 732 2034 et
754 1999 831 2033 talis
850 1998 1013 2044 operatio
1039 2009 1109 2032 non
1129 1998 1256 2033 distin-

75 2062 202 2108 guitur
234 2061 280 2095 ab
314 2061 526 2106 operatione
554 2063 707 2103 natura-7
735 2059 821 2104 quia
849 2059 883 2092 in
907 2059 974 2093 hoc
1002 2058 1099 2092 Deus
1126 2061 1162 2093 et
1190 2068 1255 2093 na-

78 2125 161 2156 tura
188 2120 296 2155 simul
324 2124 534 2166 operantur.
564 2119 642 2154 Alio
671 2119 778 2154 modo
806 2119 903 2153 Deus
926 2121 1101 2163 operatur
1129 2117 1253 2162 aliqua

142 2252 167 2281 (¹)
187 2252 215 2275 E.
234 2252 430 2281 reparationem.
