1766 2856
523 230 567 260 52
887 232 1089 259 COMENTUM
1116 232 1334 258 PURGATORII

520 307 679 342 rusalem
695 305 864 341 omnibus
879 304 1166 339 intolerabilibus
1180 303 1432 349 incommodis,
1444 303 1692 340 crudelissima

520 366 633 402 fames
661 369 696 401 et
723 365 810 400 nulli
837 364 896 399 alii
923 364 1168 410 comparanda
1194 364 1274 409 plus
1303 374 1414 409 quam
1445 367 1577 399 caetera
1598 363 1694 399 mala

519 426 675 472 urgebat
702 425 873 460 miseram
902 424 1046 469 urbem,
1074 424 1118 459 de
1145 434 1218 469 qua
1247 434 1318 459 non
1348 433 1492 469 possem
1520 423 1693 460 brevibus

519 485 637 521 verbis
651 482 684 528 (¹)
706 484 839 529 dicere,
859 483 1156 529 quandoquidem
1176 483 1341 519 homines
1361 487 1522 519 stercora
1550 486 1585 519 et
1612 483 1692 518 uri-

518 556 582 580 nas
603 545 860 590 jumentorum
889 543 1002 579 coacti
1029 546 1115 578 sunt
1141 553 1273 588 capere
1290 539 1348 588 (⁶²),
1370 543 1433 579 sed
1456 543 1553 588 quod
1582 543 1693 578 mise—

519 604 666 640 rabilius
688 604 754 639 fuit
772 608 807 639 et
826 614 911 639 cum
931 603 1101 650 lacrymis
1121 603 1415 648 memorandum,
1436 603 1570 639 mulier
1589 613 1693 649 quae-

518 664 602 700 dam
630 664 756 699 nobilis
783 674 919 710 genere
946 667 982 699 et
1008 662 1138 699 divitiis
1165 662 1312 698 nomine
1339 663 1449 698 Maria
1474 662 1620 698 inventa
1639 666 1693 698 est

518 724 554 759 in
582 724 651 760 alia
678 723 909 759 multitudine
936 733 1018 768 quae
1045 722 1273 758 confluxerat
1300 723 1344 758 ad
1372 723 1503 758 urbem
1525 726 1693 769 tempore

518 784 722 828 obsidionis,
756 787 795 818 ut
828 783 911 818 alibi
942 782 1079 817 dictum
1113 785 1166 817 est
1199 793 1329 827 supra,
1363 782 1468 817 cuius
1503 782 1692 818 facultates

519 843 662 890 tyranni
690 843 807 888 primo
834 843 1054 887 invaserant,
1074 841 1203 877 deinde
1221 852 1286 887 per
1306 845 1494 877 momenta
1521 842 1693 878 satellites

517 903 701 938 latronum
731 902 902 947 reliquias
926 902 1126 948 rapiebant,
1146 905 1294 947 propter
1312 897 1345 946 (³)
1368 902 1465 947 quod
1487 902 1619 938 mulier
1637 902 1693 937 in—

518 963 725 1009 dignatione
752 966 788 997 et
815 962 952 997 insania
980 972 1133 997 accensa
1161 972 1256 1008 saepe
1275 962 1352 997 illos
1371 962 1592 1007 provocabat
1613 973 1693 998 ma-

518 1022 654 1057 ledictis
680 1022 724 1057 ad
752 1021 1042 1057 interficiendum
1072 1031 1131 1066 se3
1151 1021 1212 1057 sed
1232 1032 1318 1056 cum
1342 1022 1464 1056 nullus
1486 1022 1542 1057 vel
1563 1022 1615 1057 ira
1635 1022 1692 1057 vel

519 1082 665 1117 miseria
683 1076 717 1125 (ᾖ)
748 1084 924 1116 mactaret
951 1081 1061 1125 illam,
1082 1091 1148 1116 nec
1167 1081 1287 1126 aliqua
1308 1081 1365 1116 via
1384 1084 1503 1127 posset
1522 1092 1691 1127 quaerere

518 1142 667 1186 victum,
687 1141 784 1176 fame
803 1144 838 1176 et
857 1141 922 1186 ira,
944 1141 1106 1187 pessimis
1134 1141 1414 1186 consultoribus,
1436 1141 1628 1188 instigante
1641 1138 1690 1188 (5),

517 1205 684 1237 armatur
720 1204 845 1236 contra
874 1201 959 1246 jura
993 1204 1146 1236 natura).
1174 1201 1265 1236 Nam
1299 1205 1486 1247 assumpto
1514 1202 1692 1238 infantulo

518 1271 629 1306 quem
666 1261 819 1296 lactabat
854 1260 975 1295 dicere
1009 1260 1135 1306 coepit:
1174 1261 1320 1296 infelicis
1357 1261 1482 1296 matris
1517 1261 1691 1297 infelicior

518 1321 584 1356 fili:
614 1321 648 1355 in
676 1320 781 1364 bello,
810 1320 916 1365 same,
946 1320 1071 1365 rapina
1099 1320 1282 1355 latronum
1311 1320 1370 1355 cui
1402 1324 1437 1356 te
1469 1321 1691 1357 reservabo?

517 1381 608 1416 Nam
637 1381 663 1415 si
692 1381 764 1415 vita
793 1380 931 1426 sperari
955 1380 1075 1426 possit,
1090 1380 1183 1426 Jugo
1211 1390 1373 1415 romanae
1401 1380 1584 1416 servitutis
1611 1391 1690 1416 ser-

516 1452 671 1485 vamur,
700 1440 761 1476 sed
783 1440 860 1486 jam
884 1450 980 1475 nuuc
1001 1440 1114 1485 ipsam
1137 1440 1352 1475 servitutem
1373 1440 1485 1476 fames
1505 1441 1691 1487 praevenit,

517 1504 552 1535 et
588 1500 776 1546 praedones
813 1499 954 1545 peiores
989 1500 1085 1534 fame
1120 1503 1154 1534 et
1192 1500 1368 1535 servitute
1409 1511 1473 1535 nos
1507 1505 1690 1546 premunt.

516 1560 605 1595 Veni
634 1570 723 1605 ergo
741 1554 788 1604 (ὃ),
818 1559 867 1593 mi
890 1558 948 1603 fili,
969 1562 1045 1594 esto
1066 1559 1173 1594 matri
1192 1559 1305 1604 cibus,
1325 1560 1557 1605 praedonibus
1577 1560 1691 1606 furor,

516 1619 657 1655 saeculis
690 1619 821 1664 sabula,
851 1628 933 1664 quae
960 1619 1035 1654 sola
1063 1619 1252 1654 deficiebat
1286 1619 1440 1655 miseriis
1467 1619 1690 1665 judaeorum.

516 1681 559 1715 Et
586 1690 670 1715 cum
698 1680 775 1714 haec
802 1679 960 1723 dixisset,
979 1679 1087 1713 simul
1108 1679 1221 1714 filium
1242 1679 1436 1725 Jugulavit,
1465 1683 1501 1714 et
1528 1680 1689 1715 medium

516 1740 659 1785 assavit,
680 1743 715 1774 et
738 1739 921 1784 reliquum
943 1739 1153 1775 reservavit.
1174 1739 1216 1774 Et
1235 1749 1319 1774 ecce
1340 1739 1528 1785 praedones
1555 1739 1689 1775 incitati

516 1800 629 1836 odore
657 1799 785 1843 carnis,
814 1801 970 1834 mortem
1000 1798 1179 1834 minantes
1207 1799 1271 1833 nisi
1305 1799 1428 1834 cibum
1461 1810 1572 1844 quem
1607 1809 1691 1835 sen-

515 1863 638 1895 serant.
664 1860 778 1894 daret.
800 1859 899 1893 Tunc
919 1858 976 1893 illa
1000 1858 1169 1894 insuriata
1188 1859 1295 1893 dixit:
1315 1864 1415 1895 certe
1434 1863 1574 1905 partem
1597 1859 1690 1905 opti-

516 1931 616 1955 mam
646 1918 847 1963 reservavi,
868 1921 903 1953 et
930 1918 1103 1953 contiuuo
1122 1918 1258 1954 detexit
1281 1919 1448 1954 membra
1476 1919 1619 1953 infantis
1631 1914 1688 1963 (⁷),

515 1980 577 2015 sed
606 1979 653 2014 illi
681 1978 848 2024 quamvis
875 1978 1042 2013 crudeles
1069 1978 1184 2013 territi
1212 1982 1296 2013 sunt
1324 1978 1441 2022 nimis,
1467 1988 1532 2013 nec
1560 1981 1689 2023 potue-

517 2042 603 2074 runt
632 2039 750 2073 facere
774 2038 940 2083 verbum,
961 2038 1127 2073 vincente
1156 2037 1312 2073 naturali
1337 2037 1480 2083 pietate.
1510 2037 1571 2073 Illa
1599 2048 1689 2073 vero

578 2178 603 2205 (¹)
622 2177 651 2200 Ε.
670 2177 831 2200 sermonibus
848 2177 984 2207 explicare,
1003 2178 1113 2208 quando.
1183 2176 1209 2207 (²)
1229 2178 1257 2200 E.
1276 2183 1386 2200 sumere.

578 2214 603 2243 (⁸)
622 2215 649 2238 E.
668 2221 682 2237 e
702 2216 753 2242 117,
773 2217 878 2244 propter
895 2222 960 2245 quae.
1184 2215 1209 2244 (⁶¹)
1229 2215 1256 2238 E.
1274 2222 1288 2238 e
1306 2215 1331 2238 S.
1349 2214 1531 2237 misen-{cordia

578 2252 605 2281 (⁸)
624 2252 652 2275 E.
671 2252 856 2282 instigantibus.
1203 2255 1210 2282 ,l
1230 2252 1257 2276 E.
1277 2259 1290 2276 e
1308 2252 1332 2275 S.
1350 2258 1412 2282 ergo
1429 2258 1505 2279 nune,
1524 2251 1559 2274 mi
1576 2251 1620 2275 fili.

577 2290 601 2319 (Ἴ)
621 2290 649 2313 F.
669 2290 803 2316 infantuli:
822 2293 845 2313 al
864 2290 908 2314 illi.
