1737 2836
497 210 635 236 CANTUS
663 210 807 235 SEXTUS.
1171 202 1239 233 457

64 286 110 322 de
144 285 292 321 nomine
327 294 394 319 suo
426 287 463 319 et
498 287 597 319 sorte
632 283 787 318 vocabat
818 282 939 318 solum
975 291 1014 317 se
1046 281 1241 324 Romenm,

65 346 155 382 idest
189 345 405 390 romipetam
435 346 470 378 et
496 343 746 389 peregrinum.
778 342 840 377 Hic
872 342 998 386 itaque
1027 340 1243 387 peregrinus

65 406 187 442 omnia
215 404 443 441 laudabiliter
469 403 738 447 administrans,
758 413 844 437 cum
864 401 1106 448 Raymundus
1131 400 1244 435 habe-

68 470 122 503 ret
149 469 309 512 quatuor
336 464 424 499 filias
452 463 528 499 sine
557 464 718 498 mascula
746 462 858 508 prole,
883 462 1038 507 primam
1064 461 1136 496 alte
1165 470 1244 496 ma-

70 526 190 562 ritavit
217 524 400 560 Ludovico
428 524 503 570 regi
531 522 693 558 Franciae
720 522 869 567 optimo,
892 522 954 566 qni
981 524 1106 567 postea
1134 530 1245 556 cano—

71 587 211 622 nizatus
230 589 295 630 est,
315 585 408 620 sacto
427 584 480 619 bis
499 583 682 630 passagio3
699 582 895 618 secundam
919 581 1062 616 tradidit
1077 580 1245 616 Eduardo

71 647 148 694 regi
180 645 317 692 Angliae
350 644 604 690 probatissimo
629 640 687 688 (Ἤ
717 642 861 678 tertiam
895 641 1038 677 tradidit
1065 641 1245 676 Richards)

72 707 171 743 fratri
207 706 302 753 regis
338 705 488 752 Angliae7
525 704 586 750 qui
621 708 745 749 postea
778 703 845 738 fuit
882 712 946 738 rex
983 711 1245 745 r01nanorun1;

70 770 239 812 quartam
269 776 356 801 vero
385 765 565 800 minorem
599 763 782 809 copulavit
807 763 938 798 Carolo
965 761 1048 797 duci
1076 761 1246 807 Andega—

71 828 150 872 viae,
178 827 279 862 fratri
307 826 445 872 praesati
472 824 656 869 Ludovici‚
685 824 745 869 qui
775 827 898 869 postea
927 822 993 857 fuit
1018 832 1081 857 rex
1108 821 1247 865 Siciliae7

70 888 115 923 de
142 897 215 932 quo
243 887 351 932 paulo
379 895 490 931 supra
509 885 645 920 dictum
667 888 733 928 est,
751 894 918 919 asserens
937 883 1056 928 ipsum
1079 881 1247 916 futurum

73 947 365 993 potentissimum
394 955 546 991 regem:
579 944 640 980 sed
670 944 785 978 virtus
821 947 856 978 et
892 942 1039 978 felicitas
1073 941 1156 977 fecit
1183 940 1248 975 sibi

71 1007 209 1043 aulicos
236 1015 364 1041 omnes
392 1004 549 1049 infestos⁷
578 1004 788 1038 stimulante
815 1002 960 1047 invidia,
980 1001 1122 1047 publica
1150 1003 1250 1046 peste

73 1067 273 1103 curiarum.
309 1065 484 1100 Dicebant
516 1064 613 1099 enim
651 1062 786 1107 comiti,
821 1062 918 1108 quod
954 1061 1011 1096 hic
1046 1060 1249 1106 alienigena

74 1127 219 1174 ignotus
245 1125 491 1171 snperditatns
522 1124 625 1159 bonis
656 1123 798 1159 comitis
832 1125 911 1158 erat
944 1121 1156 1157 honoratior
1188 1130 1249 1156 eo:

74 1187 173 1233 quod
199 1186 351 1222 cedebat
377 1185 421 1221 ad
450 1185 628 1231 pudorem
657 1186 690 1219 et
720 1182 956 1229 ignominiam
989 1181 1078 1225 eius,
1107 1179 1169 1225 qui
1198 1179 1252 1214 vi—

74 1247 230 1283 debatur
258 1246 398 1281 neseire
425 1245 635 1291 gubernare
663 1253 819 1290 regnum
848 1246 882 1278 et
910 1242 1050 1277 curiam
1071 1250 1135 1286 per
1157 1250 1196 1276 se
1216 1243 1252 1275 et

75 1316 170 1342 suos.
199 1305 438 1352 Raymundus
465 1305 616 1350 simplex
637 1307 671 1338 et
691 1303 844 1338 nimium
868 1302 1039 1338 credulus
1063 1300 1188 1346 petivit
1205 1300 1252 1335 ab

75 1367 141 1402 isto
169 1366 347 1401 rationem
382 1364 606 1400 villicationis
643 1374 730 1399 suae.
768 1363 832 1398 Cui
866 1364 1045 1398 Romeus:
1080 1361 1169 1396 Veni
1207 1360 1251 1395 ad

76 1427 216 1462 curiam
245 1429 344 1461 tuam
367 1435 517 1471 pauper,
538 1428 573 1459 et
593 1434 731 1470 pauper
751 1423 832 1459 inde
853 1422 994 1458 recedo.
1016 1423 1058 1457 Et
1079 1421 1253 1457 continno

75 1489 223 1532 accepta
251 1485 389 1520 mulula
419 1488 455 1520 et
482 1488 582 1519 veste
610 1495 675 1519 sna
703 1483 907 1530 peregrina,
935 1493 1047 1528 qnam
1080 1481 1126 1516 ab
1154 1480 1254 1515 initio

79 1549 342 1589 reservaverat,
373 1544 529 1580 recessit.
559 1545 690 1579 Comes
712 1543 850 1589 pudore
869 1546 905 1578 et
923 1543 1049 1577 dolore
1068 1541 1251 1583 confusus7

79 1605 223 1641 volebat
249 1605 368 1650 ipsum
398 1604 567 1648 retinere,
595 1608 633 1639 at
660 1604 717 1639 ille
746 1603 878 1647 noluit3
902 1603 962 1638 sed
990 1602 1060 1637 eito
1087 1601 1162 1647 ipse
1188 1599 1255 1635 luit

79 1676 225 1713 poenam
254 1675 330 1699 suae
357 1664 635 1710 ingratitudinis,
656 1664 741 1709 quia
762 1674 825 1699 rex
852 1663 1014 1698 Franeiae
1037 1661 1171 1707 eripuit
1189 1659 1254 1696 sibi

81 1727 116 1761 in
142 1726 215 1760 vita
242 1735 415 1771 magnam
448 1727 589 1770 partem
626 1724 728 1770 regni
761 1724 836 1759 sui:
865 1727 944 1769 post
978 1725 1134 1757 mortem
1167 1730 1256 1756 vero

82 1787 156 1832 ipse
183 1796 248 1821 rex
276 1784 448 1820 successit
475 1795 540 1829 pro
570 1794 685 1819 uxore
712 1784 747 1819 in
775 1788 916 1830 partem
944 1782 1151 1829 provinciae,
1174 1790 1257 1826 quae

82 1849 134 1881 est
162 1845 257 1880 ultra
285 1843 512 1879 Rhodanum.
538 1844 688 1879 Carolus
716 1854 804 1879 vero
832 1854 899 1889 pro
925 1854 991 1878 sua
1018 1841 1144 1877 hahuit
1173 1850 1257 1885 pro-

83 1905 237 1941 vinciam
265 1905 355 1939 eitra
382 1904 612 1948 Rhodanum,
640 1914 752 1948 quam
773 1903 829 1938 sui
847 1902 1107 1938 descendentes
1127 1904 1258 1936 tenue—

84 1969 167 2001 runt
188 1975 304 2010 usque
332 1965 365 1999 in
380 1960 414 2008 (ἢ
437 1967 644 2009 praesentes.
674 1964 777 1998 Nunc
796 1963 840 1998 ad
860 1963 1022 1997 literam:
1042 1961 1126 1996 dicit
1148 1960 1258 1995 Justi-

83 2025 211 2061 nianus
239 2024 365 2060 Danti:
396 2027 425 2058 E
449 2026 481 2058 {a
501 2025 571 2058 luce
590 2025 625 2058 de?
647 2026 785 2066 Romeo,
804 2022 905 2067 idest,
925 2021 1047 2056 anima
1070 2020 1258 2066 praeclara‚

84 2087 167 2128 luce,
196 2084 295 2129 idest,
324 2084 497 2129 splendet7
518 2085 640 2118 (lencm
660 2084 733 2117 alla
749 2085 906 2127 presente
925 2082 1138 2125 margarita,
1158 2079 1260 2125 idest,

85 2146 179 2180 intra
206 2145 346 2180 stellam
384 2144 551 2179 Mercurii
582 2154 732 2189 parvam
769 2146 804 2178 et
840 2142 1047 2188 pretiosam,
1082 2142 1118 2175 dc·
1143 2141 1198 2175 cui
1220 2142 1259 2185 fn

149 2274 175 2303 (¹)
193 2273 221 2296 E.
238 2273 398 2303 probissimo.
589 2273 614 2301 Γῆ
633 2273 662 2296 Ε.
681 2280 760 2302 usque
780 2273 803 2295 in
822 2278 940 2302 praesens.
