1766 2856
473 266 544 298 304
869 273 1075 299 COMENTUM
1101 274 1192 298 PARA
1199 274 1267 298 D1s1

471 346 669 393 praemiurn
690 356 880 392 magnum,
894 345 1029 381 scilicet
1042 341 1090 390 (⁴³),
1103 345 1407 392 propagationem
1425 346 1551 393 gloriae
1566 357 1654 392 suae,

472 408 618 443 dicens:
652 409 681 441 O
708 407 827 441 divina
855 403 966 451 virle&
993 406 1094 451 idest,
1114 417 1136 442 o
1163 406 1303 453 Apollo,
1331 406 1436 442 cuius
1463 407 1580 443 virtus
1602 410 1656 442 est

472 468 587 502 multa
615 470 651 502 et
679 466 881 512 multiplex,
910 469 951 501 ut
973 466 1051 513 jam
1080 466 1218 502 dictum
1242 470 1297 503 est
1316 470 1352 502 et
1373 467 1533 512 dicetur3
1552 478 1588 502 se
1609 469 1657 502 mi

471 529 495 563 li
507 529 630 573 presa,
651 527 796 572 scilicet,
815 530 888 562 tam
905 526 1142 562 favorabilem
1160 531 1199 562 ut
1215 527 1348 573 possim
1364 527 1542 573 perficere
1560 527 1655 562 istud

470 599 618 624 sacrum
645 598 749 634 opus,
779 591 874 622 tanto
900 588 999 622 cla’z'o
1028 589 1213 633 manifesti,
1242 588 1343 634 idest,
1367 588 1545 634 explicem
1565 587 1656 624 seri-

470 653 590 696 ptura,
620 649 779 684 l'ombra
806 649 863 683 del
887 651 944 683 cuo
976 659 1101 693 regns),
1137 648 1283 693 scilicet,
1320 648 1496 693 coelestis3
1525 651 1562 684 et
1588 658 1655 684 no-

470 712 591 746 tanter
617 709 702 744 dicit
730 708 914 752 umbram,
938 708 1023 753 quia
1044 718 1171 744 veram
1192 708 1387 744 essentiam
1408 718 1475 744 nec
1498 708 1563 744 scit
1585 718 1653 744 nec

470 773 587 817 potest
609 769 761 813 referre,
779 772 927 812 sequuta
951 769 1008 803 nel
1033 769 1101 802 mio
1128 779 1230 814 capo,
1253 769 1354 814 idest‚
1374 769 1594 815 descriptam
1617 769 1653 804 in

470 841 554 866 mea
574 829 778 865 memoriali
794 829 936 872 cellula,
955 829 1123 863 vedra'rm'
1142 830 1257 864 venire
1275 827 1380 874 alpia*
1395 830 1452 864 del
1468 832 1525 864 ceco
1540 830 1654 864 dilecto

471 892 585 934 leym),
614 889 717 934 idest,
744 888 841 935 apud
869 888 1042 924 arborem
1071 888 1233 934 laurum,
1261 899 1373 934 quam
1401 889 1511 935 paulo
1543 900 1654 936 supra

470 950 614 986 vocavit
633 953 814 986 amatam:
835 952 871 985 et
891 950 999 995 paulo
1020 952 1099 994 post
1121 949 1215 985 dicet
1229 949 1416 995 quomodo
1440 951 1518 986 haec
1539 950 1653 986 arbor

470 1011 579 1047 suerit
605 1011 734 1046 dilecta
762 1010 928 1057 Apollini,
958 1021 975 1045 e
1001 1011 1208 1045 coronarmi
1234 1011 1320 1046 delle
1347 1012 1468 1056 foyle'e,
1496 1010 1590 1046 sicut
1613 1014 1653 1046 tu

472 1075 507 1107 te
535 1071 719 1107 coronasti
747 1074 782 1107 et
809 1070 946 1106 ornasti
975 1070 1164 1106 frondibus
1184 1071 1289 1106 lauri.
1309 1071 1384 1106 Hoc
1403 1074 1527 1107 autem
1551 1074 1655 1117 opta-

472 1132 534 1168 bat
557 1135 664 1178 poeta
692 1131 814 1167 facere
833 1131 868 1166 in
887 1131 1069 1166 Florentia
1089 1131 1182 1166 sicut
1204 1131 1280 1177 ipse
1312 1131 1426 1178 tangit
1453 1142 1528 1167 uno
1555 1131 1654 1177 capi-

472 1193 551 1228 tulo
578 1192 658 1227 libri
686 1192 796 1228 huius
822 1191 930 1236 tertii,
959 1193 1030 1235 che,
1058 1191 1158 1235 idest7
1187 1191 1331 1237 quibus,
1352 1193 1387 1226 la
1410 1193 1558 1227 materia
1580 1203 1598 1226 e
1620 1196 1653 1227 ίιι

471 1254 518 1287 mi
540 1247 628 1298 sarci
653 1254 780 1297 dequo,
809 1252 914 1297 quasi
941 1252 1047 1296 dicat,
1076 1262 1188 1298 opera
1216 1262 1299 1288 mea
1327 1252 1390 1298 qui
1407 1248 1442 1297 (²)
1472 1253 1653 1299 assumpsi

469 1316 544 1348 tam
568 1313 726 1349 nobilem
748 1312 941 1348 materiam
962 1315 998 1348 et
1024 1312 1142 1359 gratia
1162 1316 1225 1348 tua
1246 1312 1351 1348 faciet
1373 1323 1434 1348 me
1456 1313 1650 1358 meritum3

468 1373 573 1419 quasi
599 1373 705 1418 dicat,
726 1373 754 1408 si
777 1372 905 1408 feceris
934 1372 1022 1407 mihi
1042 1372 1147 1408 istam
1164 1368 1200 1417 (3)
1220 1372 1390 1419 gratiam,
1411 1383 1480 1420 ego
1501 1373 1652 1409 reddam

468 1433 531 1468 tibi
559 1434 652 1469 hanc
670 1428 704 1478 (⁵)
734 1433 901 1480 gloriam,
923 1433 1022 1478 quod
1043 1443 1231 1468 assumam
1256 1432 1377 1468 statim
1403 1433 1570 1469 lauream
1590 1443 1653 1468 co-

468 1504 598 1529 ronam
627 1485 740 1540 quam
769 1494 891 1529 nullus
913 1494 992 1539 J'am
1020 1504 1086 1540 per
1113 1496 1164 1529 tot
1193 1494 1327 1529 saecula
1351 1504 1535 1529 annorum
1564 1504 1653 1530 con-

468 1558 617 1590 secutus
644 1558 707 1590 est.
725 1551 822 1590 —Si
848 1556 938 1589 rade
965 1556 1062 1589 volte.
1097 1554 1162 1590 Hic
1198 1555 1333 1590 Dantes
1367 1558 1514 1601 sumpta
1546 1565 1654 1590 occa—

468 1615 569 1650 sione
601 1625 646 1650 ex
678 1615 780 1650 dictis
813 1614 896 1649 facit
926 1614 1165 1659 justissimam
1202 1615 1391 1660 querelam
1425 1615 1471 1650 de
1508 1615 1653 1661 ignavia

469 1674 746 1719 modernorum,
763 1685 924 1719 quorum
943 1675 1066 1709 nullus
1086 1674 1238 1720 porrigit
1258 1685 1409 1710 manum
1425 1674 1471 1710 ad
1491 1675 1651 1721 laurum,

466 1746 540 1771 non
568 1735 744 1781 princeps,
774 1745 846 1770 non
874 1737 990 1781 poeta.
1022 1734 1113 1770 Dicit
1141 1746 1230 1781 ergo
1265 1735 1495 1781 indignanter
1523 1738 1559 1770 et
1586 1735 1653 1771 do-

466 1796 603 1831 lenter:
632 1806 653 1829 o
677 1796 804 1839 padre,
832 1794 979 1839 scilicet,
1008 1795 1144 1841 Apollo,
1173 1795 1234 1840 qui
1263 1798 1318 1830 cst
1345 1805 1503 1841 magnus
1536 1798 1652 1841 pater,

467 1856 513 1891 de
541 1866 614 1901 quo
642 1855 725 1891 dicit
752 1855 910 1900 capitulo
939 1855 1048 1890 huius
1077 1855 1157 1890 libri
1191 1855 1298 1900 tertii,
1326 1857 1416 1890 colui
1447 1856 1505 1890 che
1537 1857 1653 1900 padre

467 1917 501 1951 (Γ
516 1917 600 1959 oym'
618 1917 749 1950 morta!
771 1916 860 1950 vita:
878 1911 907 1949 sl
926 1916 1015 1951 rade
1036 1917 1122 1950 colle
1140 1926 1176 1950 se
1194 1926 1236 1950 ηε
1254 1917 1376 1960 coylie,
1397 1915 1443 1951 de
1462 1915 1652 1951 frondibus

466 1976 573 2021 lauri,
596 1987 664 2021 per
690 1977 865 2021 trionfare
894 1978 1034 2020 Cesum,
1065 1976 1127 2021 qui
1155 1976 1200 2011 de
1234 1971 1357 2011 multis
1390 1975 1491 2011 bellis
1525 1975 1651 2011 claris-

467 2037 558 2073 sime
577 2036 824 2082 triumphavit.
843 2037 955 2072 Vocat
974 2040 1101 2072 autem
1123 2046 1272 2072 omnem
1293 2036 1555 2081 imperatorem
1571 2035 1651 2070 Cae-

467 2108 588 2133 sarem
616 2098 662 2132 ab
690 2097 766 2143 ipso
799 2097 943 2133 Caesare
974 2097 1105 2143 primo,
1140 2097 1233 2132 sicut
1260 2097 1388 2132 volunt
1418 2096 1493 2131 fere
1521 2105 1651 2131 omnes

468 2161 618 2193 autores
644 2157 817 2203 gentiles3
838 2157 900 2193 sed
919 2157 1103 2202 christiani
1122 2157 1247 2192 dicunt
1270 2156 1374 2202 quasi
1400 2166 1529 2191 omnes
1551 2156 1650 2201 quod

468 2217 664 2263 imperium
693 2218 801 2263 caepit
828 2218 875 2253 ab
902 2217 1080 2264 Augusto,
1101 2217 1186 2262 quia
1210 2217 1290 2263 plus
1318 2217 1421 2252 auxit
1449 2216 1650 2263 rempubli-

529 2310 554 2340 (')
574 2311 602 2333 E.
621 2310 727 2337 scilicet,
745 2317 775 2334 ex
795 2312 987 2341 propagatione.
1178 2311 1203 2339 (²)
1222 2311 1251 2334 E.
1271 2311 1338 2341 quia.

529 2348 554 2377 (¹³)
574 2349 602 2372 E.
621 2349 694 2372 lianc.
1178 2349 1204 2377 (⁴)
1223 2349 1252 2372 E.
1272 2350 1354 2373 islani.

1757 1775 1764 1929 —vv————-
1764 1743 1766 1746 .
1759 1663 1766 1713 ..ς-
