1766 2856
480 249 550 280 424
876 248 1079 274 COMENTUM
1106 247 1273 272 PARADisx

479 328 560 363 licet
588 324 836 361 narrationem
865 332 988 357 suam:
1018 324 1051 355 tn
1078 321 1146 364 sai,
1174 323 1365 365 tamquam
1397 319 1515 355 bonus
1549 319 1662 355 histo-

480 389 587 432 ricus7
615 387 699 420 cle'e‘
711 386 797 429 fece,
828 382 915 418 illud
942 382 1088 429 signum
1110 381 1254 426 aquilae,
1274 382 1310 415 ¹in
1329 380 1418 415 Alba
1435 391 1499 415 saa
1519 382 1661 416 climora

474 459 541 493 per
568 447 706 481 {reeens
722 445 828 489 anni5
857 442 953 478 unde
976 441 1167 489 Virgilius:
1196 443 1262 476 Hic
1279 441 1361 485 jam
1383 444 1550 475 tercentos
1576 444 1663 476 colos

479 507 703 552 remeabimus
730 514 863 549 amzos5
891 504 974 538 ‹lall'
989 513 1057 537 ora
1075 503 1133 537 elce
1153 503 1312 536 Pallante
1340 497 1430 536 mor}
1451 512 1519 546 per
1542 502 1666 545 darylt

479 578 603 613 reyno,
627 566 662 601 in
681 565 792 609 Italia,
813 564 906 599 sicut
934 567 969 599 et
996 562 1149 599 Camilla
1168 566 1204 598 et
1222 561 1328 597 Nisus
1354 564 1390 597 et
1414 561 1663 608 Euryalus.—

483 631 524 663 Et
550 629 646 662 oltre.
680 626 743 661 Hic
780 624 1004 660 Justinianus
1042 623 1157 669 tangit
1192 622 1291 658 aliud
1325 621 1566 657 memorabile
1598 630 1665 667 ge—

482 693 593 733 stum,
621 687 755 722 scilicet
783 695 901 731 quare
929 688 963 719 et
992 683 1178 729 quomodo
1197 683 1292 718 dicta
1314 683 1440 718 civitas
1463 692 1593 718 eversa
1611 684 1666 717 est

483 753 517 785 et
538 749 712 784 translata
732 748 900 782 Romam.
918 745 969 780 Aa
987 744 1085 790 quod
1104 744 1294 780 sciendum
1314 743 1412 789 quod
1431 743 1553 778 Livius
1572 743 1666 778 hane

484 809 641 845 nobilem
663 807 851 842 historiam
872 805 1021 852 egregie
1044 805 1169 840 scribit
1189 804 1280 840 libro
1303 804 1432 850 primo,
1453 803 1558 839 euius
1578 803 1663 838 bre—

484 871 576 906 viter
603 870 680 903 hate
708 870 761 903 est
789 877 956 902 summa:
985 865 1110 901 Tullus
1142 865 1313 901 Hostilius
1346 865 1475 900 tertius
1510 874 1575 899 rex
1604 873 1666 899 ro-

484 939 680 966 manorum
698 928 731 963 x'i
749 931 784 963 et
802 927 885 962 dolo
904 930 1072 962 armatus
1093 926 1205 961 movit
1225 925 1361 961 bellum
1384 925 1534 968 albanis,
1556 934 1666 970 penes

488 1001 579 1036 quos
609 999 764 1035 regnum
793 987 991 1023 latinorum
1021 997 1086 1032 per
1117 987 1231 1021 multa
1259 985 1393 1021 saecula
1423 986 1561 1021 tuerat:
1590 985 1669 1020 bel-

486 1052 562 1086 lum
591 1049 737 1085 tandem
774 1048 916 1084 modico
948 1048 1127 1094 sauguine
1161 1047 1398 1083 terminatum
1427 1050 1480 1082 est
1513 1045 1669 1081 mirabili

486 1121 609 1158 pugna
638 1109 942 1156 tergeminorum.
967 1109 1058 1144 Nam
1089 1112 1162 1143 tres
1190 1108 1320 1143 fratres
1349 1107 1492 1143 romani
1521 1107 1670 1142 nomine

487 1171 623 1207 Horatii
653 1176 689 1207 et
716 1175 790 1206 tres
817 1170 875 1205 alii
904 1170 1034 1205 fratres
1060 1168 1180 1204 albani
1200 1168 1348 1204 nomine
1370 1168 1519 1203 Curiatii
1544 1168 1670 1214 singu—

487 1233 553 1268 lari
580 1231 781 1268 Certamine
808 1229 1189 1276 pugnaveranUinter
1216 1239 1266 1274 se,
1294 1239 1379 1263 eum
1408 1231 1514 1274 paeto
1543 1232 1582 1262 ut
1610 1238 1670 1263 re—

486 1303 602 1340 gnum
623 1295 718 1328 esset
737 1301 848 1337 penes
868 1300 929 1326 eos
948 1300 1059 1336 penes
1079 1300 1170 1334 quos
1190 1293 1285 1324 esset
1304 1288 1467 1324 victoria.
1483 1288 1521 1323 In
1541 1288 1670 1334 proelio

488 1353 599 1400 igitur
628 1356 700 1388 tres
728 1351 878 1387 Curiatii
898 1349 1080 1386 vulnerati
1107 1353 1192 1384 sunt
1219 1353 1252 1385 et
1281 1349 1354 1384 duo
1378 1348 1519 1384 romani
1543 1348 1669 1393 occisi3

488 1413 551 1449 sed
578 1413 707 1449 tertius
736 1422 911 1447 romanus
939 1410 1109 1446 Horatius
1137 1420 1260 1456 sospes
1283 1420 1416 1456 magna
1439 1409 1617 1444 industria
1636 1412 1673 1444 et

487 1477 566 1510 arte
594 1473 773 1509 interfecit
801 1482 929 1507 omnes
958 1475 1029 1506 tres
1052 1470 1233 1506 Curiatios
1260 1473 1294 1505 et
1323 1470 1513 1505 iictoriam
1534 1473 1570 1505 et
1592 1469 1672 1516 glo—

490 1535 581 1570 riam
608 1544 694 1569 cum
722 1532 882 1568 dominio
911 1531 1111 1577 reportavit
1140 1531 1306 1566 Romam.
1336 1531 1466 1566 Postea
1493 1530 1619 1565 Tullus
1633 1525 1670 1574 (¹)

489 1595 638 1631 Metium
666 1594 798 1629 ducem
826 1592 1058 1635 albanorum,
1087 1592 1172 1636 quia
1201 1591 1377 1627 fefellerat
1405 1591 1469 1626 sibi
1498 1591 1607 1626 [idem
1637 1591 1671 1625 in

489 1656 560 1690 alio
580 1654 709 1700 proelio
729 1656 855 1688 eontra
875 1653 1008 1697 hostes,
1028 1652 1122 1687 inter
1142 1662 1257 1696 equos
1276 1652 1428 1686 lacerari
1450 1651 1542 1695 feeit,
1560 1654 1595 1686 et
1613 1650 1674 1685 Al-

491 1715 575 1750 bam
605 1713 747 1758 evertit,
768 1716 803 1748 et
826 1712 949 1748 omnia
977 1711 1161 1746 transtulit
1187 1711 1360 1746 Romam:
1380 1714 1415 1746 et
1429 1706 1463 1755 (ἢ
1486 1711 1583 1745 illam
1605 1721 1673 1745 an-

492 1775 632 1820 tiquam
660 1777 817 1809 matrem
850 1773 976 1808 Romoe
1004 1772 1040 1807 in
1067 1775 1234 1807 xentrein
1270 1771 1350 1806 filiae
1384 1771 1540 1816 reduxit,
1569 1766 1670 1815 sic(³)

491 1836 576 1871 viris
604 1839 640 1871 et
667 1834 805 1869 viribus
833 1834 949 1869 Roma
978 1832 1102 1868 erevit.
1132 1832 1221 1868 Dicit
1250 1842 1340 1878 ergo
1367 1832 1411 1867 ad
1440 1832 1601 1868 literam:
1631 1835 1675 1867 Ec

492 1897 592 1941 ultre,
623 1895 757 1931 scilieet
784 1895 907 1940 aquila
935 1894 1017 1929 fecit
1046 1904 1190 1929 moram
1219 1893 1255 1928 in
1282 1893 1383 1937 Alba,
1412 1894 1518 1937 infimo
1545 1895 1584 1928 al
1604 1894 1674 1938 fine

491 1958 551 1991 clee
576 1958 589 1991 i
615 1960 679 2001 tre,
710 1955 857 2000 scilicet,
885 1954 1022 1990 Horatii
1051 1953 1122 1989 nati
1147 1953 1277 1989 eodem
1297 1956 1417 1999 partu,
1436 1964 1454 1987 e
1480 1954 1492 1987 ι’
1517 1956 1582 1997 tre,
1604 1953 1674 1989 sci-

492 2017 586 2062 lieet,
614 2016 763 2052 Curiatii
801 2015 966 2051 similiter
1001 2015 1073 2050 nati
1109 2024 1183 2049 uno
1217 2017 1336 2059 partu,
1364 2024 1510 2058 pugnat·
1533 2024 1598 2057 per
1628 2015 1676 2048 [αι’

491 2088 642 2121 ancora,
670 2076 816 2121 scilicet‚
844 2087 910 2122 pro
938 2075 997 2110 illo
1025 2075 1128 2121 signo
1155 2074 1409 2119 aquilae.—E
1432 2074 1496 2108 sai.
1520 2073 1583 2109 Hie
1610 2073 1676 2108 Ju-

493 2138 669 2173 stinianus
706 2136 921 2172 mirabiliter
963 2134 1171 2182 perstringit
1214 2134 1306 2170 saeta
1347 2133 1416 2168 sub
1451 2133 1573 2179 aquila
1611 2143 1676 2180 per

495 2202 613 2233 totum
642 2201 787 2243 tempus
817 2207 967 2243 regum;
990 2199 1026 2232 et
1050 2195 1163 2241 tangit
1189 2195 1263 2230 duo
1291 2194 1448 2230 notanda
1466 2198 1579 2241 gesta,
1603 2193 1675 2240 pri-

560 2328 585 2355 (¹)
604 2327 633 2350 Ε.
652 2326 745 2350 'sullus
763 2333 808 2350 rex
827 2327 944 2351 Metium,
1040 2326 1066 2354 (Ἰ)
1088 2328 1095 2348 ί
1115 2332 1129 2349 e
1147 2325 1177 2349 E.
1193 2328 1219 2349 et
1236 2325 1272 2349 sic
1290 2325 1370 2348 illam.
1471 2324 1496 2353 (³)
1515 2324 1545 2348 Ε.
1561 2326 1587 2348 et
1604 2324 1648 2348 sic.
