1766 2856
503 238 573 269 212
868 243 1071 268 COMENTUM
1097 243 1318 269 PURGATORII

503 327 707 362 numquam
743 315 827 351 visae
861 315 981 350 subito
1016 315 1064 351 ita
1096 319 1292 362 caperetur
1323 320 1359 352 et
1385 317 1581 364 ligaretur:
1610 318 1677 354 ista

504 386 593 423 ergo
612 376 762 411 scintilla
781 375 918 410 amoris
941 385 1039 411 nunc
1058 376 1256 412 commovit
1276 380 1437 413 mentem
1461 378 1550 424 eius,
1569 389 1677 414 senza

501 446 588 470 aver
610 433 672 480 ρι’ἰι
698 437 948 479 coynoscenzta
975 437 1066 480 cleyle'
1092 437 1198 480 orchi,
1221 436 1322 482 idest,
1343 438 1511 482 quamvis
1533 448 1605 473 non
1623 438 1677 474 vi-

501 496 628 531 derem
648 495 762 541 ipsam
782 495 938 531 ulterius
964 495 1001 530 in
1028 496 1103 531 suis
1121 496 1235 532 oculiS
1255 496 1478 532 radiantibus
1497 498 1565 533 sub
1583 498 1675 544 velo,

501 555 549 591 ita
578 555 676 601 quod
704 555 917 591 recordatus
940 566 1022 590 sum
1042 556 1237 591 oculorum
1257 556 1404 592 illorum
1425 567 1678 604 vagorum.—

507 618 618 650 Tosto.
647 615 709 651 Hic
736 619 843 661 poeta
869 615 1024 651 ostendit
1048 616 1205 660 qualiter
1223 617 1361 662 positus
1380 617 1416 652 in
1435 628 1569 665 magna
1587 628 1676 665 ago—

501 675 560 711 nia
575 675 732 711 recurrit
747 676 791 711 ad
803 676 1005 722 Virgilium,
1022 676 1114 711 sicut
1129 686 1273 722 semper
1288 677 1425 713 solebat
1438 675 1474 722 (¹)
1490 678 1525 713 in
1541 678 1675 724 arduis,

499 747 565 783 per
591 737 902 782 comparationem
931 736 1035 771 valde
1062 736 1220 782 claram,
1253 737 1349 773 unde
1384 748 1451 784 pro
1485 738 1676 774 continua-

500 797 599 832 tione
626 800 792 842 repetens
815 796 912 841 quod
934 796 1086 841 dixerat,
1114 796 1221 832 dicit:
1254 800 1355 832 Toslo
1373 799 1431 832 che
1453 800 1552 833 l'alta
1570 796 1676 843 υἱνίὰ,

500 857 600 902 idest,
629 867 741 901 quam
769 856 838 891 cito
865 856 1024 902 potentia
1042 857 1190 902 amoris,
1215 867 1327 903 quam
1350 858 1428 904 Jam
1453 859 1595 895 vocavit
1613 869 1676 894 oc-

500 918 648 962 cultam,
668 918 726 951 che
750 911 810 960 9ίὰ
837 918 984 951 m'cwea
1000 919 1157 962 -lrafilto,
1183 917 1284 963 idest,
1317 928 1400 963 quae
1431 919 1517 954 olim
1546 919 1676 955 vulne—

500 980 647 1013 raverat
666 987 726 1012 me
744 976 818 1011 suis
846 977 924 1012 telis
951 987 997 1012 au
1005 977 1086 1022 reis,
1105 979 1225 1022 prima
1242 979 1292 1013 elt’
1306 979 1339 1013 io
1359 980 1445 1023 secor
1463 979 1500 1013 dt·
1515 980 1676 1023 puerizia

496 1041 602 1083 fosse,
633 1037 736 1082 quasi
763 1037 869 1082 dicat,
896 1037 984 1072 dum
1019 1048 1136 1073 essem
1164 1038 1283 1073 adhuc
1310 1048 1414 1084 puer,
1445 1040 1493 1073 νηί
1514 1049 1676 1084 percosse

499 1099 589 1132 nella
618 1098 717 1141 vista,
744 1097 845 1142 idest,
874 1097 909 1132 in
936 1098 1062 1132 oculos
1078 1093 1126 1143 β),
1148 1098 1181 1132 in
1206 1098 1339 1143 quibus
1358 1098 1479 1144 incipit
1499 1099 1553 1134 vis
1571 1108 1675 1134 amo-

500 1158 559 1203 ris,
589 1161 676 1192 tunc
702 1157 835 1202 statim,
864 1159 998 1192 volsimi
1022 1159 1094 1193 alla
1117 1159 1273 1202 sinistra,
1293 1159 1355 1194 ubi
1379 1158 1575 1194 credebam
1595 1158 1676 1194 Vir—

499 1218 627 1264 gilium
655 1228 744 1263 esse,
772 1219 827 1252 col
849 1219 997 1262 rispz'tlo,
1026 1218 1126 1263 idest,
1151 1221 1331 1264 respectu,
1359 1220 1414 1253 col
1437 1220 1522 1263 qual
1546 1220 1572 1254 il
1593 1220 1676 1264 fan-

500 1280 583 1314 lolin.
616 1289 718 1313 corre
751 1280 823 1313 alla
855 1288 1022 1322 ηιαηιηεα,
1057 1279 1157 1324 idest,
1190 1282 1348 1314 matrem
1383 1279 1440 1314 vel
1474 1278 1674 1324 nutricem;

500 1340 640 1383 qzccmdo
667 1339 712 1373 Ιια
735 1349 867 1383 paura,
894 1349 915 1373 0
942 1340 1084 1383 quando
1114 1340 1182 1382 eylt'
1216 1337 1234 1374 e*
1263 1340 1394 1384 amitto,
1427 1339 1572 1383 scilicet,
1604 1338 1673 1374 alia

499 1398 676 1444 passione,
705 1398 797 1434 sicut
823 1409 952 1434 amore
978 1398 1132 1434 alicuius
1164 1399 1229 1443 rei,
1253 1409 1318 1443 per
1345 1399 1439 1433 dicer
1463 1408 1486 1432 α
1512 1400 1675 1442 Viryilt'o:

500 1470 575 1495 men
592 1461 650 1494 che
664 1461 842 1503 ‹li-amma,
855 1459 959 1504 quasi
974 1459 1080 1504 dicat,
1093 1459 1286 1494 minimum
1298 1471 1306 1503 ;
1319 1462 1371 1494 est
1386 1458 1483 1494 enim
1498 1458 1673 1494 drachma

498 1520 651 1565 parvula
679 1530 762 1564 pars
793 1519 972 1564 ponderis,
1001 1529 1075 1564 quo
1110 1519 1289 1555 vocabulo
1323 1519 1480 1554 multum
1518 1521 1674 1554 utuntur

498 1580 640 1624 medici,
667 1580 704 1613 <lt
728 1589 860 1622 samque
886 1580 931 1613 m'
946 1577 965 1613 c*
988 1578 1137 1622 rimasti,
1160 1580 1218 1614 clze
1239 1590 1310 1614 non
1329 1581 1441 1624 tremi,
1464 1579 1549 1624 quia
1567 1588 1674 1614 amor

498 1639 634 1676 inducit
662 1639 843 1683 timorem,
864 1641 899 1673 et
927 1638 1035 1673 timor
1054 1642 1276 1683 tremorem,
1296 1638 1394 1674 unde
1412 1638 1506 1683 dicit,
1526 1648 1672 1673 conosco

498 1703 508 1736 ιῗ
534 1702 631 1744 seyne?
661 1701 868 1735 (lell'anlica
898 1699 1057 1743 flamma,
1085 1699 1229 1744 scilicet,
1262 1698 1417 1734 amoris:
1446 1699 1514 1733 hoc
1546 1701 1671 1734 autem

497 1761 582 1797 dicit
608 1759 777 1807 Virgilius
803 1759 848 1794 de
874 1758 1023 1803 Didone,
1042 1759 1145 1804 quasi
1172 1758 1266 1794 dicat
1293 1758 1400 1794 tacite
1427 1758 1571 1803 Dantes,
1600 1768 1673 1793 non

498 1821 546 1857 ita
573 1820 663 1855 Dido
690 1819 777 1855 arsit
803 1829 931 1854 amore
958 1818 1077 1853 subito
1106 1818 1182 1854 viso
1205 1819 1312 1854 Enea.
1329 1838 1376 1843 —
1392 1820 1463 1852 Ma.
1483 1818 1547 1853 Hic
1566 1820 1672 1864 poeta

498 1880 653 1917 ostendit
680 1890 789 1915 suum
808 1878 991 1925 retugium
1012 1878 1122 1914 fuisse
1142 1888 1291 1923 vanum,
1312 1877 1397 1924 quia
1420 1877 1588 1924 Virgilius
1612 1887 1673 1913 re-

498 1945 667 1986 cesserat,
694 1941 739 1976 de
766 1951 840 1986 quo
868 1940 1026 1974 multum
1060 1939 1300 1984 conqueritur
1332 1942 1367 1974 et
1400 1938 1506 1974 dolet.
1540 1938 1583 1973 Et
1615 1938 1672 1974 hic

497 2003 648 2039 adverte
667 2002 763 2047 quod
787 2001 891 2036 multi
911 2000 1092 2036 mirantur
1111 2000 1155 2035 de
1174 2010 1217 2035 eo
1236 1998 1334 2044 quod
1355 1999 1487 2034 Dantes
1507 1999 1554 2034 ita
1574 1998 1671 2034 nude

499 2064 613 2110 tangit
642 2073 827 2098 recessum
854 2061 991 2108 Virgilii
1019 2071 1039 2096 a
1067 2071 1105 2096 se
1133 2060 1230 2105 quod
1258 2069 1330 2094 non
1349 2058 1548 2104 perpendit,
1572 2058 1668 2103 quod

499 2134 571 2159 non
598 2123 682 2158 dixit
715 2123 803 2167 vale,
833 2122 906 2157 imo
934 2132 1000 2157 nec
1034 2121 1114 2156 fecit
1147 2120 1323 2164 verbum,
1351 2118 1412 2154 sed
1439 2122 1539 2153 certe
1564 2121 1671 2164 poeta

500 2187 622 2219 noster
650 2184 717 2217 hoc
746 2194 815 2217 non
849 2182 949 2228 lingit
981 2181 1058 2223 sine
1094 2180 1291 2215 ministerio
1324 2189 1476 2225 magno:
1505 2189 1570 2224 per
1602 2179 1670 2214 hoc

564 2315 589 2343 υ)
607 2315 635 2338 Ε.
653 2314 726 2338 solet.
980 2311 1005 2341 χ’)
1022 2312 1052 2335 Ε.
1070 2313 1095 2335 in
1113 2313 1201 2336 oculis.
