1766 2856
490 258 560 290 438
884 260 1088 285 coMENTUM
1115 259 1282 284 PARAmsi

488 336 666 381 Flandria,
694 333 902 377 Brabantia,
931 332 1101 377 Treviris,
1129 331 1252 367 Nervii
1285 335 1320 367 et
1349 331 1473 366 multae
1500 331 1580 367 aliae
1608 343 1673 368 na—

489 397 604 432 tiones
625 394 874 430 transiverunt
902 392 937 427 in
965 402 1101 427 nomen
1123 401 1408 438 germanorum,
1429 395 1464 427 et
1485 392 1604 427 oritur
1631 392 1667 427 in

487 456 628 502 alpibus
655 465 698 490 ex
729 453 862 499 quibus
890 452 1098 497 Rhodanus,
1123 455 1158 487 et
1180 452 1289 498 longo
1317 452 1432 498 spatio
1460 452 1669 488 discurrens

487 526 551 562 per
580 515 669 550 fines
696 513 959 557 Helvetiorum,
988 512 1262 558 Sequanorum,
1290 512 1542 558 Trevirorum,
1571 513 1668 548 mul-

486 576 529 611 tis
557 575 735 621 capitibus
762 573 858 609 cadit
885 573 920 608 in
948 573 1148 608 Oceanum.
1180 572 1220 607 Et
1256 572 1359 608 dicit:
1388 584 1405 607 e
1439 574 1514 608 vide
1541 576 1672 618 Senna,

487 636 633 680 scilicet,
661 635 749 670 illud
778 634 876 680 quod
904 634 988 670 fecit
1015 634 1160 680 signum
1181 633 1326 679 aquilae,
1346 633 1517 679 Sequana
1537 634 1672 670 ssuvius

487 696 649 732 famosus
677 695 738 740 qui
767 695 849 730 facit
878 694 1033 729 insulam
1063 704 1214 740 parvam
1236 694 1331 729 intra
1355 694 1526 740 Parisius,
1546 705 1568 730 a
1595 704 1671 740 quo

485 756 707 792 denominati
737 759 821 790 sunt
848 754 1019 800 Sequani,
1047 754 1092 790 de
1119 754 1252 800 quibus
1275 755 1353 801 jam
1375 755 1468 790 sacta
1488 758 1543 791 est
1566 765 1671 791 men-

488 818 546 853 tio.
576 818 617 851 Et
646 820 682 851 ut
712 816 783 851 cito
810 826 848 851 se
877 815 1044 861 expediat
1071 815 1173 851 dicit:
1202 820 1234 851 et
1259 817 1342 860 oync'
1371 817 1458 851 valle
1484 817 1574 851 oncle
1600 819 1670 851 Ro-

486 880 581 913 dano
608 875 627 912 e*
648 878 764 921 pe’eno,
796 876 891 911 sicut
927 876 1060 911 fluvius
1094 876 1214 912 Senua
1251 876 1312 922 qui
1347 877 1433 911 olim
1468 877 1671 912 vocabatur

487 938 589 983 Arar,
610 937 672 983 qui
700 937 922 984 pigerrimus
950 937 1045 973 cadit
1073 937 1108 972 in
1135 937 1353 972 Rhodanum
1389 938 1665 983 rapacissimum

481 999 588 1044 juxta
616 998 852 1044 Lugdunum.
882 998 924 1032 Et
950 997 998 1033 ita
1027 997 1155 1044 Sorgia
1176 997 1422 1044 pulcerrimus
1442 998 1552 1034 intrat
1571 998 1670 1033 Rho-

485 1059 621 1094 danum
650 1058 748 1104 apud
770 1058 1005 1103 Avinionem3
1026 1062 1061 1093 et
1085 1058 1240 1093 Rueutia
1261 1058 1518 1104 rapacissimus
1540 1058 1670 1093 ssuvio-

488 1130 570 1154 rum
599 1119 724 1155 Galliae
752 1119 815 1164 qui
843 1129 915 1154 non
943 1119 1051 1165 longe
1085 1119 1131 1153 ab
1164 1118 1341 1154 Arinione
1375 1119 1470 1154 cadit
1502 1119 1537 1154 in
1572 1119 1671 1154 Rho-

485 1179 635 1215 danum.
677 1179 876 1215 Rhodanus
911 1182 1037 1214 autem
1076 1179 1256 1214 transiens
1290 1179 1408 1224 primo
1444 1190 1509 1225 per
1547 1179 1668 1214 lacum

486 1240 689 1276 Lemanum
715 1240 812 1286 apud
832 1239 1044 1275 Gebennani
1076 1239 1255 1274 transiens
1283 1249 1348 1285 per
1376 1239 1510 1275 multas
1538 1243 1667 1285 terras,

487 1311 558 1336 nou
582 1305 705 1337 tamen
729 1302 837 1348 longo
857 1311 982 1345 cursu,
1002 1300 1063 1336 sed
1083 1310 1217 1347 magno
1238 1300 1374 1346 impetu
1396 1300 1492 1335 cadit
1511 1300 1546 1334 in
1566 1310 1671 1336 mare

486 1372 557 1397 non
585 1362 692 1409 longe
714 1372 735 1397 a
760 1361 925 1397 Massilia.
952 1361 994 1396 Et
1015 1361 1065 1396 sic
1089 1361 1170 1396 vide
1194 1360 1291 1406 quod
1313 1360 1434 1396 Caesar
1458 1360 1669 1407 subiugavit

484 1432 633 1458 omnem
669 1422 835 1467 Galliam,
865 1433 947 1467 quae
982 1421 1164 1457 clautlitur
1195 1421 1336 1467 alpibus
1372 1421 1493 1466 italice,
1525 1421 1667 1467 alpibus

484 1482 675 1529 Hispaniae,
704 1484 843 1528 Rheno,
867 1483 1013 1518 Oceano
1041 1486 1077 1518 et
1105 1482 1198 1517 mari
1223 1482 1505 1518 mediterraneo.
1521 1502 1570 1507 —
1588 1483 1673 1524 Qecel

483 1545 541 1578 eloe
557 1546 602 1589 fe.
620 1544 682 1579 Hic
702 1544 927 1579 Jiistinianiis
956 1543 1071 1590 tangit
1098 1543 1235 1578 bellum
1256 1543 1361 1578 civile
1383 1542 1547 1587 Caesaris,
1571 1541 1669 1587 quod

484 1604 694 1640 immediate
710 1604 877 1649 sequitur
892 1604 937 1639 ad
951 1604 1142 1650 gallicum:
1162 1606 1198 1638 et
1215 1603 1332 1649 primo
1352 1603 1466 1649 tangit
1481 1602 1669 1648 quomodo

486 1665 605 1710 primo
627 1664 820 1710 occupavit
842 1664 994 1699 Italiam.
1010 1663 1061 1698 Ad
1084 1663 1188 1699 cuius
1211 1663 1325 1699 litera}
1345 1663 1590 1710 cognitionem
1615 1666 1670 1698 est

486 1724 605 1770 primo
633 1724 820 1760 sciendum
850 1724 948 1770 quod
982 1734 1087 1759 arma
1114 1723 1267 1759 Caesaris
1295 1724 1488 1769 bucusque
1523 1723 1669 1759 fuerant

486 1784 681 1831 magnilica
697 1788 731 1820 et
746 1784 917 1831 gloriosa,
937 1784 1071 1820 amodo
1091 1794 1180 1820 vero
1201 1784 1308 1830 impia
1329 1784 1449 1830 potius
1469 1787 1504 1819 et
1524 1783 1669 1828 iniusta,

484 1845 568 1890 quia
596 1849 724 1881 contra
752 1845 907 1891 patriam
938 1845 1035 1880 nulla
1064 1848 1215 1891 possunt
1239 1845 1379 1880 ratione
1402 1844 1582 1880 excusari.
1604 1844 1670 1880 Se-

484 1908 590 1940 natus
622 1905 718 1941 enim
758 1916 933 1941 romanus
969 1916 1054 1941 cum
1090 1905 1238 1941 consilio
1275 1909 1311 1941 et
1352 1905 1478 1940 favore
1505 1905 1667 1950 Pompeii

485 1965 601 2012 Magni
629 1970 715 2001 tunc
744 1967 994 2012 potentissimi,
1023 1966 1168 2002 Catonis
1195 1965 1460 2012 sapientissimi,
1484 1965 1669 2001 Ciceronis

483 2026 780 2072 eloquentissimi,
810 2027 917 2063 Marci
947 2027 1050 2062 Bruti
1079 2026 1346 2072 virtuosissimi,
1374 2026 1607 2070 decernebat,
1629 2029 1669 2061 ut

483 2087 603 2122 Ca¹sar
630 2087 777 2123 dimisso
806 2087 970 2123 exercitu
996 2087 1159 2133 privatus
1180 2087 1329 2131 rediret,
1348 2089 1384 2122 et
1403 2086 1582 2121 Domitius
1601 2096 1668 2121 au-

483 2148 696 2183 dacissimus
732 2148 797 2183 sibi
832 2159 1030 2192 successor,
1057 2148 1277 2192 mitteretur,
1305 2147 1381 2182 sive
1409 2146 1553 2191 invidia,
1582 2146 1667 2192 quia

484 2218 674 2252 nunquam
705 2219 837 2255 magna
865 2208 982 2255 gloria
1005 2208 1081 2244 sine
1110 2208 1242 2243 invidia
1266 2208 1348 2252 suit3
1369 2207 1444 2242 sive
1467 2217 1510 2242 ex
1535 2206 1668 2242 timore

484 2267 568 2312 quia
598 2267 768 2303 videbant
796 2269 893 2314 quod
920 2269 1042 2304 Caesar
1063 2269 1187 2304 omnia
1215 2268 1348 2315 agebat
1376 2278 1448 2303 non
1475 2271 1665 2313 tamquam

483 2328 556 2363 dux
586 2329 707 2374 populi
738 2329 893 2374 romani,
915 2329 978 2365 sed
998 2333 1038 2364 ut
1064 2329 1235 2365 dominus
1262 2333 1297 2365 et
1326 2339 1389 2365 rex
1420 2338 1486 2374 pro
1513 2328 1666 2364 arbitrio
