<?xml version="1.0" encoding="UTF-8"?>
<!DOCTYPE html PUBLIC "-//W3C//DTD XHTML 1.0 Transitional//EN"
    "http://www.w3.org/TR/xhtml1/DTD/xhtml1-transitional.dtd">
<html xmlns="http://www.w3.org/1999/xhtml" xml:lang="en" lang="en">
 <head>
  <title>
</title>
<meta http-equiv="Content-Type" content="text/html;charset=utf-8" />
  <meta name='ocr-system' content='tesseract 3.04.00' />
  <meta name='ocr-capabilities' content='ocr_page ocr_carea ocr_par ocr_line ocrx_word'/>
</head>
<body>
  <div class='ocr_page' id='page_1' title='image "./comentumsuperdan04benvuoft_0244.png"; bbox 0 0 1766 2856; ppageno 0'>
   <div class='ocr_carea' id='block_1_1' title="bbox 499 252 1322 296">
    <p class='ocr_par' dir='ltr' id='par_1_1' title="bbox 499 252 1322 296">
     <span class='ocr_line' id='line_1_1' title="bbox 499 252 1322 296; baseline -0.001 -12"><span class='ocrx_word' id='word_1_1' title='bbox 499 252 570 285; x_wconf 73' lang='lat'>228</span> <span class='ocrx_word' id='word_1_2' title='bbox 870 258 1073 296; x_wconf 61' lang='lat' dir='ltr'>commum</span> <span class='ocrx_word' id='word_1_3' title='bbox 1102 258 1322 283; x_wconf 55' lang='lat' dir='ltr'>PL‘RGATonu</span> 
     </span>
    </p>
   </div>
   <div class='ocr_carea' id='block_1_2' title="bbox 496 332 1686 2254">
    <p class='ocr_par' dir='ltr' id='par_1_2' title="bbox 496 332 1686 2254">
     <span class='ocr_line' id='line_1_2' title="bbox 498 332 1675 379; baseline 0.001 -10"><span class='ocrx_word' id='word_1_4' title='bbox 498 337 581 379; x_wconf 73' lang='lat' dir='ltr'>rita,</span> <span class='ocrx_word' id='word_1_5' title='bbox 603 334 647 369; x_wconf 88' lang='lat' dir='ltr'>de</span> <span class='ocrx_word' id='word_1_6' title='bbox 676 344 715 368; x_wconf 87' lang='lat' dir='ltr'>re</span> <span class='ocrx_word' id='word_1_7' title='bbox 744 342 849 376; x_wconf 77' lang='lat' dir='ltr'>nova,</span> <span class='ocrx_word' id='word_1_8' title='bbox 878 342 1082 377; x_wconf 83' lang='lat' dir='ltr'>numquam</span> <span class='ocrx_word' id='word_1_9' title='bbox 1112 332 1200 367; x_wconf 85' lang='lat' dir='ltr'>alias</span> <span class='ocrx_word' id='word_1_10' title='bbox 1228 332 1303 368; x_wconf 80' lang='lat' dir='ltr'>visa</span> <span class='ocrx_word' id='word_1_11' title='bbox 1332 333 1389 368; x_wconf 89' lang='lat' dir='ltr'>vel</span> <span class='ocrx_word' id='word_1_12' title='bbox 1416 334 1559 379; x_wconf 75' lang='lat' dir='ltr'>audita,</span> <span class='ocrx_word' id='word_1_13' title='bbox 1584 338 1619 370; x_wconf 85' lang='lat' dir='ltr'>et</span> <span class='ocrx_word' id='word_1_14' title='bbox 1638 339 1675 370; x_wconf 87' lang='lat' dir='ltr'>tu</span> 
     </span>
     <span class='ocr_line' id='line_1_3' title="bbox 497 391 1680 439; baseline 0.001 -10"><span class='ocrx_word' id='word_1_15' title='bbox 497 395 616 430; x_wconf 81' lang='lat' dir='ltr'>dices:</span> <span class='ocrx_word' id='word_1_16' title='bbox 644 394 772 428; x_wconf 80' lang='lat' dir='ltr'>Nonne</span> <span class='ocrx_word' id='word_1_17' title='bbox 800 391 985 427; x_wconf 86' lang='lat' dir='ltr'>Sordellus</span> <span class='ocrx_word' id='word_1_18' title='bbox 1013 392 1075 437; x_wconf 87' lang='lat' dir='ltr'>qui</span> <span class='ocrx_word' id='word_1_19' title='bbox 1104 395 1245 427; x_wconf 82' lang='lat' dir='ltr'>tantum</span> <span class='ocrx_word' id='word_1_20' title='bbox 1276 393 1396 428; x_wconf 80' lang='lat' dir='ltr'>fuerat</span> <span class='ocrx_word' id='word_1_21' title='bbox 1429 403 1514 429; x_wconf 93' lang='lat' dir='ltr'>cum</span> <span class='ocrx_word' id='word_1_22' title='bbox 1549 395 1680 439; x_wconf 83' lang='lat' dir='ltr'>Dante,</span> 
     </span>
     <span class='ocr_line' id='line_1_4' title="bbox 499 452 1675 500; baseline 0 -10"><span class='ocrx_word' id='word_1_23' title='bbox 499 454 740 500; x_wconf 78' lang='lat' dir='ltr'>perpenderat</span> <span class='ocrx_word' id='word_1_24' title='bbox 768 453 886 498; x_wconf 89' lang='lat' dir='ltr'>ipsum</span> <span class='ocrx_word' id='word_1_25' title='bbox 922 452 1000 488; x_wconf 87' lang='lat' dir='ltr'>fore</span> <span class='ocrx_word' id='word_1_26' title='bbox 1031 453 1189 487; x_wconf 83' lang='lat' dir='ltr'>vivum?</span> <span class='ocrx_word' id='word_1_27' title='bbox 1216 453 1302 488; x_wconf 86' lang='lat' dir='ltr'>Dico</span> <span class='ocrx_word' id='word_1_28' title='bbox 1336 453 1434 498; x_wconf 87' lang='lat' dir='ltr'>quod</span> <span class='ocrx_word' id='word_1_29' title='bbox 1466 464 1562 499; x_wconf 76' lang='lat' dir='ltr'>non,</span> <span class='ocrx_word' id='word_1_30' title='bbox 1591 455 1675 500; x_wconf 89' lang='lat' dir='ltr'>quia</span> 
     </span>
     <span class='ocr_line' id='line_1_5' title="bbox 496 513 1679 560; baseline 0 -10"><span class='ocrx_word' id='word_1_31' title='bbox 496 516 618 551; x_wconf 81' lang='lat' dir='ltr'>anima</span> <span class='ocrx_word' id='word_1_32' title='bbox 647 517 814 560; x_wconf 81' lang='lat' dir='ltr'>separata</span> <span class='ocrx_word' id='word_1_33' title='bbox 842 517 896 549; x_wconf 85' lang='lat' dir='ltr'>est</span> <span class='ocrx_word' id='word_1_34' title='bbox 923 513 968 548; x_wconf 83' lang='lat' dir='ltr'>ibi</span> <span class='ocrx_word' id='word_1_35' title='bbox 993 513 1139 548; x_wconf 79' lang='lat' dir='ltr'>visibilis</span> <span class='ocrx_word' id='word_1_36' title='bbox 1158 514 1251 549; x_wconf 83' lang='lat' dir='ltr'>sicut</span> <span class='ocrx_word' id='word_1_37' title='bbox 1274 517 1309 549; x_wconf 89' lang='lat' dir='ltr'>et</span> <span class='ocrx_word' id='word_1_38' title='bbox 1333 515 1443 550; x_wconf 85' lang='lat' dir='ltr'>homo</span> <span class='ocrx_word' id='word_1_39' title='bbox 1472 514 1610 559; x_wconf 77' lang='lat' dir='ltr'>vivens,</span> <span class='ocrx_word' id='word_1_40' title='bbox 1630 515 1679 550; x_wconf 84' lang='lat' dir='ltr'>ita</span> 
     </span>
     <span class='ocr_line' id='line_1_6' title="bbox 498 572 1679 622; baseline -0.001 -11"><span class='ocrx_word' id='word_1_41' title='bbox 498 575 595 622; x_wconf 88' lang='lat' dir='ltr'>quod</span> <span class='ocrx_word' id='word_1_42' title='bbox 624 585 688 621; x_wconf 89' lang='lat' dir='ltr'>per</span> <span class='ocrx_word' id='word_1_43' title='bbox 716 574 834 609; x_wconf 87' lang='lat' dir='ltr'>visum</span> <span class='ocrx_word' id='word_1_44' title='bbox 864 584 935 608; x_wconf 90' lang='lat' dir='ltr'>non</span> <span class='ocrx_word' id='word_1_45' title='bbox 955 574 1247 620; x_wconf 76' lang='lat' dir='ltr'>cognoscebatur</span> <span class='ocrx_word' id='word_1_46' title='bbox 1264 572 1297 617; x_wconf 24' lang='grc' dir='ltr'>ς’]</span> <span class='ocrx_word' id='word_1_47' title='bbox 1321 575 1419 620; x_wconf 83' lang='lat' dir='ltr'>quod</span> <span class='ocrx_word' id='word_1_48' title='bbox 1445 575 1597 620; x_wconf 72' lang='lat' dir='ltr'>viveret,</span> <span class='ocrx_word' id='word_1_49' title='bbox 1617 574 1679 610; x_wconf 87' lang='lat' dir='ltr'>sed</span> 
     </span>
     <span class='ocr_line' id='line_1_7' title="bbox 498 634 1679 682; baseline -0.001 -10"><span class='ocrx_word' id='word_1_50' title='bbox 498 647 543 673; x_wconf 88' lang='lat' dir='ltr'>ex</span> <span class='ocrx_word' id='word_1_51' title='bbox 571 636 650 672; x_wconf 89' lang='lat' dir='ltr'>eius</span> <span class='ocrx_word' id='word_1_52' title='bbox 678 634 968 670; x_wconf 75' lang='lat' dir='ltr'>manifestatione</span> <span class='ocrx_word' id='word_1_53' title='bbox 995 635 1050 669; x_wconf 89' lang='lat' dir='ltr'>vel</span> <span class='ocrx_word' id='word_1_54' title='bbox 1080 635 1213 669; x_wconf 87' lang='lat' dir='ltr'>umbra</span> <span class='ocrx_word' id='word_1_55' title='bbox 1241 635 1415 680; x_wconf 87' lang='lat' dir='ltr'>corporis,</span> <span class='ocrx_word' id='word_1_56' title='bbox 1439 636 1497 671; x_wconf 91' lang='lat' dir='ltr'>vel</span> <span class='ocrx_word' id='word_1_57' title='bbox 1520 635 1679 682; x_wconf 81' lang='lat' dir='ltr'>respira—</span> 
     </span>
     <span class='ocr_line' id='line_1_8' title="bbox 499 694 1679 741; baseline -0.001 -9"><span class='ocrx_word' id='word_1_58' title='bbox 499 697 608 741; x_wconf 86' lang='lat' dir='ltr'>tione,</span> <span class='ocrx_word' id='word_1_59' title='bbox 630 696 686 731; x_wconf 74' lang='lat' dir='ltr'>vel</span> <span class='ocrx_word' id='word_1_60' title='bbox 707 705 771 741; x_wconf 89' lang='lat' dir='ltr'>per</span> <span class='ocrx_word' id='word_1_61' title='bbox 798 694 895 730; x_wconf 84' lang='lat' dir='ltr'>aliud</span> <span class='ocrx_word' id='word_1_62' title='bbox 923 694 1039 729; x_wconf 87' lang='lat' dir='ltr'>simile</span> <span class='ocrx_word' id='word_1_63' title='bbox 1059 694 1226 740; x_wconf 70' lang='lat' dir='ltr'>siguum,</span> <span class='ocrx_word' id='word_1_64' title='bbox 1248 695 1344 731; x_wconf 86' lang='lat' dir='ltr'>unde</span> <span class='ocrx_word' id='word_1_65' title='bbox 1363 699 1470 741; x_wconf 89' lang='lat' dir='ltr'>poeta</span> <span class='ocrx_word' id='word_1_66' title='bbox 1493 696 1679 732; x_wconf 78' lang='lat' dir='ltr'>exclama-</span> 
     </span>
     <span class='ocr_line' id='line_1_9' title="bbox 498 753 1679 802; baseline -0.001 -10"><span class='ocrx_word' id='word_1_67' title='bbox 498 758 549 792; x_wconf 85' lang='lat' dir='ltr'>vit</span> <span class='ocrx_word' id='word_1_68' title='bbox 566 753 601 801; x_wconf 47' lang='grc' dir='ltr'>θ’»</span> <span class='ocrx_word' id='word_1_69' title='bbox 624 766 733 802; x_wconf 87' lang='lat' dir='ltr'>supra</span> <span class='ocrx_word' id='word_1_70' title='bbox 756 755 917 790; x_wconf 80' lang='lat' dir='ltr'>secundo</span> <span class='ocrx_word' id='word_1_71' title='bbox 939 755 1117 800; x_wconf 81' lang='lat' dir='ltr'>capitulo:</span> <span class='ocrx_word' id='word_1_72' title='bbox 1138 766 1159 790; x_wconf 92' lang='lat' dir='ltr'>o</span> <span class='ocrx_word' id='word_1_73' title='bbox 1178 756 1297 790; x_wconf 83' lang='lat' dir='ltr'>ombre</span> <span class='ocrx_word' id='word_1_74' title='bbox 1316 767 1404 791; x_wconf 74' lang='lat' dir='ltr'>vane</span> <span class='ocrx_word' id='word_1_75' title='bbox 1422 758 1506 802; x_wconf 70' lang='lat' dir='ltr'>suot·</span> <span class='ocrx_word' id='word_1_76' title='bbox 1525 758 1584 791; x_wconf 75' lang='lat' dir='ltr'>che</span> <span class='ocrx_word' id='word_1_77' title='bbox 1605 758 1679 792; x_wconf 76' lang='lat' dir='ltr'>nel-</span> 
     </span>
     <span class='ocr_line' id='line_1_10' title="bbox 499 815 1681 862; baseline -0.001 -10"><span class='ocrx_word' id='word_1_78' title='bbox 499 819 675 861; x_wconf 77' lang='lat' dir='ltr'>l&#39;aspetlo.</span> <span class='ocrx_word' id='word_1_79' title='bbox 705 816 747 850; x_wconf 84' lang='lat' dir='ltr'>Et</span> <span class='ocrx_word' id='word_1_80' title='bbox 774 815 928 850; x_wconf 84' lang='lat' dir='ltr'>ostendit</span> <span class='ocrx_word' id='word_1_81' title='bbox 961 815 1047 860; x_wconf 85' lang='lat' dir='ltr'>quid</span> <span class='ocrx_word' id='word_1_82' title='bbox 1082 815 1247 851; x_wconf 84' lang='lat' dir='ltr'>fecerunt</span> <span class='ocrx_word' id='word_1_83' title='bbox 1282 816 1336 851; x_wconf 84' lang='lat' dir='ltr'>isti</span> <span class='ocrx_word' id='word_1_84' title='bbox 1368 817 1441 852; x_wconf 91' lang='lat' dir='ltr'>duo</span> <span class='ocrx_word' id='word_1_85' title='bbox 1476 816 1681 862; x_wconf 82' lang='lat' dir='ltr'>stupefacti,</span> 
     </span>
     <span class='ocr_line' id='line_1_11' title="bbox 499 875 1680 922; baseline -0.001 -9"><span class='ocrx_word' id='word_1_86' title='bbox 499 878 639 913; x_wconf 84' lang='lat' dir='ltr'>dicens:</span> <span class='ocrx_word' id='word_1_87' title='bbox 664 878 756 919; x_wconf 74' lang='lat' dir='ltr'>l&#39;zm,</span> <span class='ocrx_word' id='word_1_88' title='bbox 777 875 910 911; x_wconf 89' lang='lat' dir='ltr'>scilicet</span> <span class='ocrx_word' id='word_1_89' title='bbox 938 875 1137 921; x_wconf 84' lang='lat' dir='ltr'>Sordellus,</span> <span class='ocrx_word' id='word_1_90' title='bbox 1159 878 1190 911; x_wconf 73' lang='lat' dir='ltr'>si</span> <span class='ocrx_word' id='word_1_91' title='bbox 1216 878 1309 912; x_wconf 70' lang='lat' dir='ltr'>rolse</span> <span class='ocrx_word' id='word_1_92' title='bbox 1335 888 1358 911; x_wconf 87' lang='grc' dir='ltr'><em>α</em></span> <span class='ocrx_word' id='word_1_93' title='bbox 1388 878 1545 921; x_wconf 66' lang='lat' dir='ltr'>Virgilio,</span> <span class='ocrx_word' id='word_1_94' title='bbox 1575 877 1680 922; x_wconf 88' lang='lat' dir='ltr'>quasi</span> 
     </span>
     <span class='ocr_line' id='line_1_12' title="bbox 498 936 1679 982; baseline 0 -10"><span class='ocrx_word' id='word_1_95' title='bbox 498 938 642 972; x_wconf 77' lang='lat' dir='ltr'>dicens:</span> <span class='ocrx_word' id='word_1_96' title='bbox 672 948 693 971; x_wconf 89' lang='lat' dir='ltr'>o</span> <span class='ocrx_word' id='word_1_97' title='bbox 722 936 802 981; x_wconf 86' lang='lat' dir='ltr'>quis</span> <span class='ocrx_word' id='word_1_98' title='bbox 829 939 883 971; x_wconf 85' lang='lat' dir='ltr'>est</span> <span class='ocrx_word' id='word_1_99' title='bbox 910 936 976 971; x_wconf 89' lang='lat' dir='ltr'>iste</span> <span class='ocrx_word' id='word_1_100' title='bbox 1005 936 1190 981; x_wconf 86' lang='lat' dir='ltr'>mirabilis,</span> <span class='ocrx_word' id='word_1_101' title='bbox 1217 947 1327 982; x_wconf 86' lang='lat' dir='ltr'>quem</span> <span class='ocrx_word' id='word_1_102' title='bbox 1358 940 1396 971; x_wconf 90' lang='lat' dir='ltr'>tu</span> <span class='ocrx_word' id='word_1_103' title='bbox 1426 937 1528 972; x_wconf 84' lang='lat' dir='ltr'>ducis</span> <span class='ocrx_word' id='word_1_104' title='bbox 1556 941 1679 973; x_wconf 88' lang='lat' dir='ltr'>tecum</span> 
     </span>
     <span class='ocr_line' id='line_1_13' title="bbox 498 997 1680 1044; baseline 0.001 -12"><span class='ocrx_word' id='word_1_105' title='bbox 498 998 623 1032; x_wconf 62' lang='lat' dir='ltr'>vNum</span> <span class='ocrx_word' id='word_1_106' title='bbox 657 1007 722 1043; x_wconf 90' lang='lat' dir='ltr'>per</span> <span class='ocrx_word' id='word_1_107' title='bbox 754 997 832 1032; x_wconf 90' lang='lat' dir='ltr'>loca</span> <span class='ocrx_word' id='word_1_108' title='bbox 866 999 1134 1032; x_wconf 74' lang='lat' dir='ltr'>mortuorum?</span> <span class='ocrx_word' id='word_1_109' title='bbox 1161 1008 1178 1031; x_wconf 79' lang='lat' dir='ltr'>e</span> <span class='ocrx_word' id='word_1_110' title='bbox 1211 999 1231 1032; x_wconf 65' lang='grc' dir='ltr'><em>Γ</em></span> <span class='ocrx_word' id='word_1_111' title='bbox 1247 999 1353 1041; x_wconf 76' lang='lat' dir='ltr'>altro,</span> <span class='ocrx_word' id='word_1_112' title='bbox 1381 997 1527 1043; x_wconf 81' lang='lat' dir='ltr'>scilicet,</span> <span class='ocrx_word' id='word_1_113' title='bbox 1555 998 1680 1044; x_wconf 88' lang='lat' dir='ltr'>Ninus,</span> 
     </span>
     <span class='ocr_line' id='line_1_14' title="bbox 500 1054 1681 1104; baseline 0.002 -11"><span class='ocrx_word' id='word_1_114' title='bbox 500 1058 637 1104; x_wconf 79' lang='lat' dir='ltr'>supple,</span> <span class='ocrx_word' id='word_1_115' title='bbox 666 1057 778 1093; x_wconf 77' lang='lat' dir='ltr'>volvit</span> <span class='ocrx_word' id='word_1_116' title='bbox 812 1068 861 1102; x_wconf 85' lang='lat' dir='ltr'>se,</span> <span class='ocrx_word' id='word_1_117' title='bbox 894 1059 943 1092; x_wconf 77' lang='lat' dir='ltr'>acl</span> <span class='ocrx_word' id='word_1_118' title='bbox 974 1068 1017 1092; x_wconf 73' lang='lat' dir='ltr'>zm</span> <span class='ocrx_word' id='word_1_119' title='bbox 1052 1058 1110 1092; x_wconf 71' lang='lat' dir='ltr'>rlze</span> <span class='ocrx_word' id='word_1_120' title='bbox 1140 1059 1243 1093; x_wconf 68' lang='grc' dir='ltr'><em>εθιῖθα</em></span> <span class='ocrx_word' id='word_1_121' title='bbox 1275 1054 1311 1102; x_wconf 72' lang='lat' dir='ltr'>li,</span> <span class='ocrx_word' id='word_1_122' title='bbox 1345 1058 1489 1104; x_wconf 82' lang='lat' dir='ltr'>scilicet,</span> <span class='ocrx_word' id='word_1_123' title='bbox 1519 1059 1681 1095; x_wconf 86' lang='lat' dir='ltr'>Corrado</span> 
     </span>
     <span class='ocr_line' id='line_1_15' title="bbox 501 1118 1681 1164; baseline 0 -10"><span class='ocrx_word' id='word_1_124' title='bbox 501 1119 702 1154; x_wconf 88' lang='lat' dir='ltr'>marchioni</span> <span class='ocrx_word' id='word_1_125' title='bbox 730 1118 948 1164; x_wconf 82' lang='lat' dir='ltr'>Malaspinae,</span> <span class='ocrx_word' id='word_1_126' title='bbox 977 1118 1038 1163; x_wconf 86' lang='lat' dir='ltr'>qui</span> <span class='ocrx_word' id='word_1_127' title='bbox 1067 1122 1146 1154; x_wconf 86' lang='lat' dir='ltr'>erat</span> <span class='ocrx_word' id='word_1_128' title='bbox 1176 1118 1241 1153; x_wconf 87' lang='lat' dir='ltr'>sibi</span> <span class='ocrx_word' id='word_1_129' title='bbox 1275 1119 1394 1154; x_wconf 86' lang='lat' dir='ltr'>socius</span> <span class='ocrx_word' id='word_1_130' title='bbox 1428 1123 1464 1155; x_wconf 91' lang='lat' dir='ltr'>et</span> <span class='ocrx_word' id='word_1_131' title='bbox 1495 1119 1681 1155; x_wconf 83' lang='lat' dir='ltr'>familiaris</span> 
     </span>
     <span class='ocr_line' id='line_1_16' title="bbox 499 1179 1681 1224; baseline 0.001 -10"><span class='ocrx_word' id='word_1_132' title='bbox 499 1180 628 1216; x_wconf 82' lang='lat' dir='ltr'>sedens</span> <span class='ocrx_word' id='word_1_133' title='bbox 656 1189 741 1215; x_wconf 91' lang='lat' dir='ltr'>cum</span> <span class='ocrx_word' id='word_1_134' title='bbox 770 1179 848 1214; x_wconf 81' lang='lat' dir='ltr'>aliis</span> <span class='ocrx_word' id='word_1_135' title='bbox 875 1179 909 1213; x_wconf 85' lang='lat' dir='ltr'>in</span> <span class='ocrx_word' id='word_1_136' title='bbox 930 1179 1009 1213; x_wconf 88' lang='lat' dir='ltr'>loco</span> <span class='ocrx_word' id='word_1_137' title='bbox 1030 1179 1147 1224; x_wconf 81' lang='lat' dir='ltr'>basso,</span> <span class='ocrx_word' id='word_1_138' title='bbox 1168 1179 1252 1224; x_wconf 86' lang='lat' dir='ltr'>quia</span> <span class='ocrx_word' id='word_1_139' title='bbox 1283 1179 1347 1215; x_wconf 90' lang='lat' dir='ltr'>iste</span> <span class='ocrx_word' id='word_1_140' title='bbox 1375 1183 1453 1215; x_wconf 84' lang='lat' dir='ltr'>erat</span> <span class='ocrx_word' id='word_1_141' title='bbox 1482 1179 1623 1215; x_wconf 84' lang='lat' dir='ltr'>italicus</span> <span class='ocrx_word' id='word_1_142' title='bbox 1645 1184 1681 1216; x_wconf 90' lang='lat' dir='ltr'>et</span> 
     </span>
     <span class='ocr_line' id='line_1_17' title="bbox 501 1239 1681 1286; baseline 0.001 -11"><span class='ocrx_word' id='word_1_143' title='bbox 501 1240 640 1276; x_wconf 87' lang='lat' dir='ltr'>vicinus</span> <span class='ocrx_word' id='word_1_144' title='bbox 668 1250 756 1274; x_wconf 82' lang='lat' dir='ltr'>suus</span> <span class='ocrx_word' id='word_1_145' title='bbox 784 1243 820 1275; x_wconf 85' lang='lat' dir='ltr'>et</span> <span class='ocrx_word' id='word_1_146' title='bbox 852 1239 968 1285; x_wconf 81' lang='lat' dir='ltr'>magis</span> <span class='ocrx_word' id='word_1_147' title='bbox 1000 1250 1066 1285; x_wconf 87' lang='lat' dir='ltr'>par</span> <span class='ocrx_word' id='word_1_148' title='bbox 1097 1250 1210 1284; x_wconf 87' lang='lat' dir='ltr'>quam</span> <span class='ocrx_word' id='word_1_149' title='bbox 1243 1240 1290 1275; x_wconf 88' lang='lat' dir='ltr'>illi</span> <span class='ocrx_word' id='word_1_150' title='bbox 1323 1240 1503 1286; x_wconf 86' lang='lat' dir='ltr'>principes</span> <span class='ocrx_word' id='word_1_151' title='bbox 1535 1243 1570 1276; x_wconf 87' lang='lat' dir='ltr'>et</span> <span class='ocrx_word' id='word_1_152' title='bbox 1602 1250 1681 1276; x_wconf 86' lang='lat' dir='ltr'>ma—</span> 
     </span>
     <span class='ocr_line' id='line_1_18' title="bbox 499 1299 1682 1348; baseline -0.001 -12"><span class='ocrx_word' id='word_1_153' title='bbox 499 1304 651 1348; x_wconf 69' lang='lat' dir='ltr'>gnates,</span> <span class='ocrx_word' id='word_1_154' title='bbox 680 1300 760 1335; x_wconf 90' lang='lat' dir='ltr'>ideo</span> <span class='ocrx_word' id='word_1_155' title='bbox 798 1300 918 1335; x_wconf 85' lang='lat' dir='ltr'>statim</span> <span class='ocrx_word' id='word_1_156' title='bbox 954 1300 1068 1335; x_wconf 88' lang='lat' dir='ltr'>Ninus</span> <span class='ocrx_word' id='word_1_157' title='bbox 1100 1299 1279 1336; x_wconf 81' lang='lat' dir='ltr'>convertit</span> <span class='ocrx_word' id='word_1_158' title='bbox 1314 1310 1353 1336; x_wconf 88' lang='lat' dir='ltr'>se</span> <span class='ocrx_word' id='word_1_159' title='bbox 1383 1300 1427 1336; x_wconf 87' lang='lat' dir='ltr'>ad</span> <span class='ocrx_word' id='word_1_160' title='bbox 1462 1300 1577 1345; x_wconf 84' lang='lat' dir='ltr'>illum,</span> <span class='ocrx_word' id='word_1_161' title='bbox 1605 1302 1682 1344; x_wconf 73' lang='lat' dir='ltr'>yri—</span> 
     </span>
     <span class='ocr_line' id='line_1_19' title="bbox 500 1360 1680 1407; baseline 0.001 -12"><span class='ocrx_word' id='word_1_162' title='bbox 500 1362 633 1405; x_wconf 66' lang='lat' dir='ltr'>(lando,</span> <span class='ocrx_word' id='word_1_163' title='bbox 661 1371 705 1396; x_wconf 81' lang='lat' dir='ltr'>ex</span> <span class='ocrx_word' id='word_1_164' title='bbox 738 1360 1004 1396; x_wconf 79' lang='lat' dir='ltr'>admiratione:</span> <span class='ocrx_word' id='word_1_165' title='bbox 1032 1371 1085 1405; x_wconf 77' lang='lat' dir='ltr'>sn,</span> <span class='ocrx_word' id='word_1_166' title='bbox 1118 1362 1293 1404; x_wconf 78' lang='lat' dir='ltr'>Corrado,</span> <span class='ocrx_word' id='word_1_167' title='bbox 1322 1360 1423 1406; x_wconf 86' lang='lat' dir='ltr'>idest,</span> <span class='ocrx_word' id='word_1_168' title='bbox 1451 1371 1563 1407; x_wconf 82' lang='lat' dir='ltr'>surge</span> <span class='ocrx_word' id='word_1_169' title='bbox 1598 1361 1680 1405; x_wconf 89' lang='lat' dir='ltr'>cito,</span> 
     </span>
     <span class='ocr_line' id='line_1_20' title="bbox 500 1421 1682 1466; baseline 0.001 -11"><span class='ocrx_word' id='word_1_170' title='bbox 500 1423 590 1456; x_wconf 70' lang='lat' dir='ltr'>vieni</span> <span class='ocrx_word' id='word_1_171' title='bbox 616 1431 638 1455; x_wconf 83' lang='lat' dir='ltr'>a</span> <span class='ocrx_word' id='word_1_172' title='bbox 661 1422 765 1456; x_wconf 69' lang='lat' dir='ltr'>redet·</span> <span class='ocrx_word' id='word_1_173' title='bbox 792 1422 850 1455; x_wconf 77' lang='lat' dir='ltr'>clee</span> <span class='ocrx_word' id='word_1_174' title='bbox 869 1422 936 1455; x_wconf 71' lang='lat' dir='ltr'>Dio</span> <span class='ocrx_word' id='word_1_175' title='bbox 962 1432 1028 1465; x_wconf 73' lang='lat' dir='ltr'>pel·</span> <span class='ocrx_word' id='word_1_176' title='bbox 1049 1422 1178 1465; x_wconf 58' lang='lat' dir='ltr'>mazia</span> <span class='ocrx_word' id='word_1_177' title='bbox 1205 1423 1310 1465; x_wconf 78' lang='lat' dir='ltr'>volse,</span> <span class='ocrx_word' id='word_1_178' title='bbox 1338 1421 1439 1466; x_wconf 81' lang='lat' dir='ltr'>idest,</span> <span class='ocrx_word' id='word_1_179' title='bbox 1464 1431 1544 1457; x_wconf 89' lang='lat' dir='ltr'>rem</span> <span class='ocrx_word' id='word_1_180' title='bbox 1569 1421 1682 1456; x_wconf 89' lang='lat' dir='ltr'>mira-</span> 
     </span>
     <span class='ocr_line' id='line_1_21' title="bbox 500 1481 1684 1528; baseline -0.001 -11"><span class='ocrx_word' id='word_1_181' title='bbox 500 1482 624 1527; x_wconf 85' lang='lat' dir='ltr'>bilem,</span> <span class='ocrx_word' id='word_1_182' title='bbox 653 1491 765 1526; x_wconf 87' lang='lat' dir='ltr'>quam</span> <span class='ocrx_word' id='word_1_183' title='bbox 793 1481 891 1516; x_wconf 87' lang='lat' dir='ltr'>Deus</span> <span class='ocrx_word' id='word_1_184' title='bbox 919 1491 963 1516; x_wconf 81' lang='lat' dir='ltr'>ex</span> <span class='ocrx_word' id='word_1_185' title='bbox 992 1482 1109 1528; x_wconf 82' lang='lat' dir='ltr'>gratia</span> <span class='ocrx_word' id='word_1_186' title='bbox 1137 1482 1281 1528; x_wconf 87' lang='lat' dir='ltr'>speciali</span> <span class='ocrx_word' id='word_1_187' title='bbox 1317 1482 1495 1518; x_wconf 81' lang='lat' dir='ltr'>concessit</span> <span class='ocrx_word' id='word_1_188' title='bbox 1528 1481 1591 1517; x_wconf 91' lang='lat' dir='ltr'>uni</span> <span class='ocrx_word' id='word_1_189' title='bbox 1619 1492 1684 1517; x_wconf 91' lang='lat' dir='ltr'>no-</span> 
     </span>
     <span class='ocr_line' id='line_1_22' title="bbox 499 1542 1685 1589; baseline -0.001 -12"><span class='ocrx_word' id='word_1_190' title='bbox 499 1546 574 1578; x_wconf 88' lang='lat' dir='ltr'>stro</span> <span class='ocrx_word' id='word_1_191' title='bbox 604 1546 719 1587; x_wconf 87' lang='lat' dir='ltr'>tusco,</span> <span class='ocrx_word' id='word_1_192' title='bbox 748 1545 787 1576; x_wconf 91' lang='lat' dir='ltr'>ut</span> <span class='ocrx_word' id='word_1_193' title='bbox 820 1542 946 1577; x_wconf 84' lang='lat' dir='ltr'>vivens</span> <span class='ocrx_word' id='word_1_194' title='bbox 978 1542 1160 1578; x_wconf 83' lang='lat' dir='ltr'>discurrat</span> <span class='ocrx_word' id='word_1_195' title='bbox 1194 1543 1348 1578; x_wconf 87' lang='lat' dir='ltr'>videndo</span> <span class='ocrx_word' id='word_1_196' title='bbox 1385 1542 1552 1589; x_wconf 84' lang='lat' dir='ltr'>regiones</span> <span class='ocrx_word' id='word_1_197' title='bbox 1584 1552 1685 1577; x_wconf 87' lang='lat' dir='ltr'>mor-</span> 
     </span>
     <span class='ocr_line' id='line_1_23' title="bbox 501 1602 1686 1649; baseline 0.001 -12"><span class='ocrx_word' id='word_1_198' title='bbox 501 1607 652 1638; x_wconf 86' lang='lat' dir='ltr'>tuorum</span> <span class='ocrx_word' id='word_1_199' title='bbox 682 1602 717 1637; x_wconf 93' lang='lat' dir='ltr'>in</span> <span class='ocrx_word' id='word_1_200' title='bbox 746 1602 893 1638; x_wconf 90' lang='lat' dir='ltr'>seculo:</span> <span class='ocrx_word' id='word_1_201' title='bbox 922 1612 1011 1637; x_wconf 82' lang='lat' dir='ltr'>vere</span> <span class='ocrx_word' id='word_1_202' title='bbox 1043 1602 1108 1637; x_wconf 86' lang='lat' dir='ltr'>ista</span> <span class='ocrx_word' id='word_1_203' title='bbox 1142 1607 1195 1638; x_wconf 83' lang='lat' dir='ltr'>est</span> <span class='ocrx_word' id='word_1_204' title='bbox 1227 1603 1405 1648; x_wconf 89' lang='lat' dir='ltr'>stupenda</span> <span class='ocrx_word' id='word_1_205' title='bbox 1441 1604 1571 1649; x_wconf 79' lang='lat' dir='ltr'>gratia,</span> <span class='ocrx_word' id='word_1_206' title='bbox 1600 1612 1686 1648; x_wconf 88' lang='lat' dir='ltr'>quae</span> 
     </span>
     <span class='ocr_line' id='line_1_24' title="bbox 502 1662 1683 1709; baseline 0 -11"><span class='ocrx_word' id='word_1_207' title='bbox 502 1673 707 1708; x_wconf 85' lang='lat' dir='ltr'>numquam</span> <span class='ocrx_word' id='word_1_208' title='bbox 729 1662 874 1698; x_wconf 88' lang='lat' dir='ltr'>videtur</span> <span class='ocrx_word' id='word_1_209' title='bbox 893 1672 1064 1698; x_wconf 83' lang='lat' dir='ltr'>concessa</span> <span class='ocrx_word' id='word_1_210' title='bbox 1083 1663 1199 1698; x_wconf 88' lang='lat' dir='ltr'>alteri.</span> <span class='ocrx_word' id='word_1_211' title='bbox 1215 1683 1263 1688; x_wconf 93' lang='lat'><strong>—</strong></span> <span class='ocrx_word' id='word_1_212' title='bbox 1276 1666 1348 1698; x_wconf 75' lang='grc' dir='ltr'><strong><em>Ροί.</em></strong></span> <span class='ocrx_word' id='word_1_213' title='bbox 1372 1664 1436 1699; x_wconf 86' lang='lat' dir='ltr'>Hic</span> <span class='ocrx_word' id='word_1_214' title='bbox 1456 1667 1561 1709; x_wconf 87' lang='lat' dir='ltr'>poeta</span> <span class='ocrx_word' id='word_1_215' title='bbox 1583 1663 1683 1709; x_wconf 91' lang='lat' dir='ltr'>ponit</span> 
     </span>
     <span class='ocr_line' id='line_1_25' title="bbox 501 1723 1681 1770; baseline 0.001 -11"><span class='ocrx_word' id='word_1_216' title='bbox 501 1723 704 1759; x_wconf 85' lang='lat' dir='ltr'>orationem</span> <span class='ocrx_word' id='word_1_217' title='bbox 734 1723 812 1758; x_wconf 75' lang='lat' dir='ltr'>Nini</span> <span class='ocrx_word' id='word_1_218' title='bbox 831 1723 876 1758; x_wconf 86' lang='lat' dir='ltr'>ad</span> <span class='ocrx_word' id='word_1_219' title='bbox 899 1734 950 1768; x_wconf 83' lang='lat' dir='ltr'>se,</span> <span class='ocrx_word' id='word_1_220' title='bbox 970 1724 1032 1768; x_wconf 85' lang='lat' dir='ltr'>qui</span> <span class='ocrx_word' id='word_1_221' title='bbox 1056 1728 1204 1770; x_wconf 88' lang='lat' dir='ltr'>captans</span> <span class='ocrx_word' id='word_1_222' title='bbox 1224 1724 1517 1760; x_wconf 80' lang='lat' dir='ltr'>benevolentiam</span> <span class='ocrx_word' id='word_1_223' title='bbox 1538 1724 1626 1770; x_wconf 85' lang='lat' dir='ltr'>petit</span> <span class='ocrx_word' id='word_1_224' title='bbox 1644 1728 1681 1760; x_wconf 83' lang='lat' dir='ltr'>ut</span> 
     </span>
     <span class='ocr_line' id='line_1_26' title="bbox 503 1783 1684 1829; baseline 0.001 -10"><span class='ocrx_word' id='word_1_225' title='bbox 503 1783 779 1820; x_wconf 87' lang='lat' dir='ltr'>recommendet</span> <span class='ocrx_word' id='word_1_226' title='bbox 806 1794 893 1819; x_wconf 90' lang='lat' dir='ltr'>eum</span> <span class='ocrx_word' id='word_1_227' title='bbox 923 1784 1004 1819; x_wconf 82' lang='lat' dir='ltr'>filiae</span> <span class='ocrx_word' id='word_1_228' title='bbox 1033 1794 1120 1829; x_wconf 83' lang='lat' dir='ltr'>suae,</span> <span class='ocrx_word' id='word_1_229' title='bbox 1150 1785 1242 1820; x_wconf 89' lang='lat' dir='ltr'>sicut</span> <span class='ocrx_word' id='word_1_230' title='bbox 1270 1784 1351 1820; x_wconf 81' lang='lat' dir='ltr'>fecit</span> <span class='ocrx_word' id='word_1_231' title='bbox 1379 1795 1445 1821; x_wconf 86' lang='lat' dir='ltr'>rex</span> <span class='ocrx_word' id='word_1_232' title='bbox 1477 1784 1684 1821; x_wconf 79' lang='lat' dir='ltr'>Manfredus</span> 
     </span>
     <span class='ocr_line' id='line_1_27' title="bbox 502 1844 1684 1890; baseline 0.002 -11"><span class='ocrx_word' id='word_1_233' title='bbox 502 1855 624 1890; x_wconf 85' lang='lat' dir='ltr'>supra.</span> <span class='ocrx_word' id='word_1_234' title='bbox 646 1845 687 1879; x_wconf 89' lang='lat' dir='ltr'>Et</span> <span class='ocrx_word' id='word_1_235' title='bbox 706 1845 809 1880; x_wconf 83' lang='lat' dir='ltr'>litera</span> <span class='ocrx_word' id='word_1_236' title='bbox 830 1844 895 1880; x_wconf 82' lang='lat' dir='ltr'>ista</span> <span class='ocrx_word' id='word_1_237' title='bbox 916 1848 969 1880; x_wconf 87' lang='lat' dir='ltr'>est</span> <span class='ocrx_word' id='word_1_238' title='bbox 989 1844 1094 1880; x_wconf 83' lang='lat' dir='ltr'>valde</span> <span class='ocrx_word' id='word_1_239' title='bbox 1112 1845 1269 1881; x_wconf 84' lang='lat' dir='ltr'>obscura</span> <span class='ocrx_word' id='word_1_240' title='bbox 1289 1849 1325 1881; x_wconf 91' lang='lat' dir='ltr'>et</span> <span class='ocrx_word' id='word_1_241' title='bbox 1344 1845 1523 1881; x_wconf 84' lang='lat' dir='ltr'>sententia</span> <span class='ocrx_word' id='word_1_242' title='bbox 1538 1846 1684 1890; x_wconf 66' lang='lat' dir='ltr'>clausa,</span> 
     </span>
     <span class='ocr_line' id='line_1_28' title="bbox 503 1904 1684 1952; baseline 0 -11"><span class='ocrx_word' id='word_1_243' title='bbox 503 1906 601 1942; x_wconf 91' lang='lat' dir='ltr'>unde</span> <span class='ocrx_word' id='word_1_244' title='bbox 625 1904 693 1941; x_wconf 56' lang='lat' dir='ltr'>‘ista</span> <span class='ocrx_word' id='word_1_245' title='bbox 714 1906 819 1941; x_wconf 85' lang='lat' dir='ltr'>litera</span> <span class='ocrx_word' id='word_1_246' title='bbox 840 1909 958 1952; x_wconf 88' lang='lat' dir='ltr'>potest</span> <span class='ocrx_word' id='word_1_247' title='bbox 983 1905 1120 1942; x_wconf 85' lang='lat' dir='ltr'>habere</span> <span class='ocrx_word' id='word_1_248' title='bbox 1138 1906 1321 1952; x_wconf 86' lang='lat' dir='ltr'>duplicem</span> <span class='ocrx_word' id='word_1_249' title='bbox 1342 1907 1587 1943; x_wconf 85' lang='lat' dir='ltr'>intellectum:</span> <span class='ocrx_word' id='word_1_250' title='bbox 1611 1906 1684 1952; x_wconf 92' lang='lat' dir='ltr'>pri-</span> 
     </span>
     <span class='ocr_line' id='line_1_29' title="bbox 503 1966 1684 2013; baseline -0.001 -12"><span class='ocrx_word' id='word_1_251' title='bbox 503 1977 587 2001; x_wconf 91' lang='lat' dir='ltr'>mus</span> <span class='ocrx_word' id='word_1_252' title='bbox 614 1970 680 2011; x_wconf 89' lang='lat' dir='ltr'>est,</span> <span class='ocrx_word' id='word_1_253' title='bbox 699 1966 798 2011; x_wconf 90' lang='lat' dir='ltr'>quod</span> <span class='ocrx_word' id='word_1_254' title='bbox 820 1966 933 2002; x_wconf 89' lang='lat' dir='ltr'>Ninus</span> <span class='ocrx_word' id='word_1_255' title='bbox 961 1966 1105 2002; x_wconf 84' lang='lat' dir='ltr'>adiurat</span> <span class='ocrx_word' id='word_1_256' title='bbox 1132 1967 1287 2002; x_wconf 84' lang='lat' dir='ltr'>Dantem</span> <span class='ocrx_word' id='word_1_257' title='bbox 1316 1977 1381 2013; x_wconf 89' lang='lat' dir='ltr'>per</span> <span class='ocrx_word' id='word_1_258' title='bbox 1407 1977 1574 2002; x_wconf 86' lang='lat' dir='ltr'>amorem</span> <span class='ocrx_word' id='word_1_259' title='bbox 1604 1966 1684 2001; x_wconf 90' lang='lat' dir='ltr'>Vir—</span> 
     </span>
     <span class='ocr_line' id='line_1_30' title="bbox 502 2026 1684 2073; baseline 0.001 -12"><span class='ocrx_word' id='word_1_260' title='bbox 502 2026 586 2073; x_wconf 81' lang='lat' dir='ltr'>gilii,</span> <span class='ocrx_word' id='word_1_261' title='bbox 616 2026 713 2072; x_wconf 85' lang='lat' dir='ltr'>quod</span> <span class='ocrx_word' id='word_1_262' title='bbox 748 2026 823 2072; x_wconf 87' lang='lat' dir='ltr'>ipse</span> <span class='ocrx_word' id='word_1_263' title='bbox 859 2027 1135 2063; x_wconf 89' lang='lat' dir='ltr'>recommendet</span> <span class='ocrx_word' id='word_1_264' title='bbox 1170 2037 1255 2064; x_wconf 84' lang='lat' dir='ltr'>eum</span> <span class='ocrx_word' id='word_1_265' title='bbox 1291 2027 1372 2062; x_wconf 84' lang='lat' dir='ltr'>filiae</span> <span class='ocrx_word' id='word_1_266' title='bbox 1405 2037 1500 2072; x_wconf 86' lang='lat' dir='ltr'>suae;</span> <span class='ocrx_word' id='word_1_267' title='bbox 1529 2030 1564 2063; x_wconf 89' lang='lat' dir='ltr'>et</span> <span class='ocrx_word' id='word_1_268' title='bbox 1598 2029 1684 2062; x_wconf 89' lang='lat' dir='ltr'>tunc</span> 
     </span>
     <span class='ocr_line' id='line_1_31' title="bbox 504 2087 1684 2133; baseline 0.001 -12"><span class='ocrx_word' id='word_1_269' title='bbox 504 2097 647 2132; x_wconf 85' lang='lat' dir='ltr'>expone</span> <span class='ocrx_word' id='word_1_270' title='bbox 674 2091 710 2122; x_wconf 88' lang='lat' dir='ltr'>et</span> <span class='ocrx_word' id='word_1_271' title='bbox 737 2087 866 2123; x_wconf 85' lang='lat' dir='ltr'>ordina</span> <span class='ocrx_word' id='word_1_272' title='bbox 899 2087 948 2123; x_wconf 88' lang='lat' dir='ltr'>sic</span> <span class='ocrx_word' id='word_1_273' title='bbox 983 2087 1150 2123; x_wconf 90' lang='lat' dir='ltr'>literam:</span> <span class='ocrx_word' id='word_1_274' title='bbox 1175 2090 1237 2133; x_wconf 79' lang='lat' dir='ltr'>poi</span> <span class='ocrx_word' id='word_1_275' title='bbox 1264 2090 1353 2124; x_wconf 80' lang='lat' dir='ltr'>volto</span> <span class='ocrx_word' id='word_1_276' title='bbox 1386 2098 1409 2122; x_wconf 85' lang='lat' dir='ltr'><em>a</em></span> <span class='ocrx_word' id='word_1_277' title='bbox 1441 2099 1505 2133; x_wconf 83' lang='lat' dir='ltr'>me,</span> <span class='ocrx_word' id='word_1_278' title='bbox 1535 2087 1684 2132; x_wconf 89' lang='lat' dir='ltr'>scilicet,</span> 
     </span>
     <span class='ocr_line' id='line_1_32' title="bbox 503 2147 1686 2193; baseline 0.002 -12"><span class='ocrx_word' id='word_1_279' title='bbox 503 2147 562 2182; x_wconf 89' lang='lat' dir='ltr'>ille</span> <span class='ocrx_word' id='word_1_280' title='bbox 588 2147 712 2192; x_wconf 90' lang='lat' dir='ltr'>Ninus,</span> <span class='ocrx_word' id='word_1_281' title='bbox 742 2147 804 2192; x_wconf 83' lang='lat' dir='ltr'>qui</span> <span class='ocrx_word' id='word_1_282' title='bbox 841 2148 960 2193; x_wconf 91' lang='lat' dir='ltr'>primo</span> <span class='ocrx_word' id='word_1_283' title='bbox 993 2148 1158 2184; x_wconf 85' lang='lat' dir='ltr'>volverat</span> <span class='ocrx_word' id='word_1_284' title='bbox 1189 2159 1228 2185; x_wconf 88' lang='lat' dir='ltr'>se</span> <span class='ocrx_word' id='word_1_285' title='bbox 1259 2148 1304 2185; x_wconf 87' lang='lat' dir='ltr'>ad</span> <span class='ocrx_word' id='word_1_286' title='bbox 1336 2148 1541 2184; x_wconf 88' lang='lat' dir='ltr'>Corradum</span> <span class='ocrx_word' id='word_1_287' title='bbox 1577 2147 1686 2183; x_wconf 88' lang='lat' dir='ltr'>Mala-</span> 
     </span>
     <span class='ocr_line' id='line_1_33' title="bbox 505 2206 1686 2254; baseline 0.001 -12"><span class='ocrx_word' id='word_1_288' title='bbox 505 2206 658 2253; x_wconf 88' lang='lat' dir='ltr'>spinam,</span> <span class='ocrx_word' id='word_1_289' title='bbox 686 2206 774 2241; x_wconf 83' lang='lat' dir='ltr'>dixit</span> <span class='ocrx_word' id='word_1_290' title='bbox 807 2207 895 2242; x_wconf 90' lang='lat' dir='ltr'>mihi</span> <span class='ocrx_word' id='word_1_291' title='bbox 927 2207 1132 2245; x_wconf 75' lang='lat' dir='ltr'>adiurative</span> <span class='ocrx_word' id='word_1_292' title='bbox 1167 2209 1384 2245; x_wconf 83' lang='lat' dir='ltr'>exordiens:</span> <span class='ocrx_word' id='word_1_293' title='bbox 1410 2220 1476 2254; x_wconf 82' lang='lat' dir='ltr'>per</span> <span class='ocrx_word' id='word_1_294' title='bbox 1509 2210 1588 2254; x_wconf 82' lang='lat' dir='ltr'>quel</span> <span class='ocrx_word' id='word_1_295' title='bbox 1611 2209 1686 2243; x_wconf 78' lang='lat' dir='ltr'>sin-</span> 
     </span>
    </p>
   </div>
   <div class='ocr_carea' id='block_1_3' title="bbox 515 2287 1683 2302">
    <p class='ocr_par' dir='ltr' id='par_1_3' title="bbox 515 2287 1683 2302">
     <span class='ocr_line' id='line_1_34' title="bbox 515 2287 1683 2302; baseline 0 0"><span class='ocrx_word' id='word_1_296' title='bbox 515 2287 1683 2302; x_wconf 95' lang='lat' dir='ltr'> </span> 
     </span>
    </p>
   </div>
   <div class='ocr_carea' id='block_1_4' title="bbox 565 2339 1467 2372">
    <p class='ocr_par' dir='ltr' id='par_1_4' title="bbox 565 2339 1467 2372">
     <span class='ocr_line' id='line_1_35' title="bbox 565 2339 1467 2372; baseline 0.006 -9"><span class='ocrx_word' id='word_1_297' title='bbox 565 2339 593 2371; x_wconf 88' lang='lat'>(¹)</span> <span class='ocrx_word' id='word_1_298' title='bbox 611 2340 640 2363; x_wconf 90' lang='lat' dir='ltr'>E.</span> <span class='ocrx_word' id='word_1_299' title='bbox 658 2340 900 2371; x_wconf 79' lang='lat' dir='ltr'>recognoscebatur.</span> <span class='ocrx_word' id='word_1_300' title='bbox 1216 2342 1242 2372; x_wconf 78' lang='lat'>(¹)</span> <span class='ocrx_word' id='word_1_301' title='bbox 1262 2345 1314 2368; x_wconf 80' lang='lat'>117.</span> <span class='ocrx_word' id='word_1_302' title='bbox 1333 2344 1467 2368; x_wconf 79' lang='lat' dir='ltr'>exclamat.</span> 
     </span>
    </p>
   </div>
  </div>
 </body>
</html>
