1766 2856
505 249 525 280 6
869 251 1072 277 COMENTUM
1097 250 1316 276 PURGATORII

505 330 620 362 natus.
636 346 684 351 —
699 328 769 360 Μα.
790 324 852 359 Hic
871 323 1040 369 Virgilius
1062 323 1220 368 assignat
1239 331 1400 366 causam,
1421 332 1536 366 quare
1555 331 1600 356 ex
1620 321 1675 356 in-

503 386 605 422 ferno
632 385 773 421 venerit
807 383 852 418 ad
886 382 1161 428 purgatorium3
1194 384 1229 417 et
1264 381 1315 416 sic
1348 381 1541 426 respondet
1573 391 1675 426 quae—

503 445 607 481 stioni
636 445 762 480 tacitae.
783 444 930 478 Poterat
948 443 1045 477 enim
1065 442 1199 477 Statius
1218 441 1358 477 dicere:
1380 441 1565 486 quomodo
1586 451 1675 486 ergo

502 505 559 540 vel
587 514 702 549 quare
734 503 861 538 venisti
897 512 982 538 cum
1019 501 1216 537 salvando?
1253 500 1446 546 respondet
1482 499 1674 546 Virgilius:

502 564 586 608 quia
613 563 746 598 Dantes
772 562 891 597 adhuc
918 561 1022 596 vivus
1049 571 1113 606 per
1148 570 1187 596 se
1222 570 1293 595 non
1309 555 1344 603 (⁴)
1379 562 1521 605 poterat
1547 569 1675 595 ascen-

501 623 599 658 dere.
627 623 717 658 Dicit
744 632 851 668 ergo:
881 624 942 656 ,lla
974 623 1127 655 l’am’ma
1161 631 1238 663 sua,
1272 620 1373 664 idest,
1405 619 1507 654 istius
1538 619 1674 664 Dantis,

501 678 614 727 quiff)
644 682 740 717 dedit
770 692 808 717 se
842 681 896 716 isti
934 680 1180 726 speculationi,
1207 678 1290 714 cle’e?
1319 681 1389 714 mia
1415 689 1433 713 e
1459 683 1517 713 tua
1553 689 1675 714 soroc-

501 743 591 785 cleta,
619 742 708 777 idest
741 752 855 786 soror,
884 741 968 786 quia
1002 751 1131 775 sumus
1168 744 1240 774 tres
1272 739 1402 774 fratres
1433 738 1672 774 amantissimi

503 805 539 837 et
565 805 638 836 tres
666 805 781 847 poetae
801 800 952 836 maximi
971 800 1017 835 ab
1039 810 1113 834 uno
1132 802 1235 844 patre
1254 799 1340 843 Deo,
1363 808 1433 832 non
1456 802 1559 843 polea
1578 799 1675 833 venir

501 862 590 905 sola,
619 861 704 905 quia
732 861 865 895 sociata
890 863 968 895 erat
994 870 1015 894 a
1043 869 1173 904 carne,
1194 862 1230 894 et
1253 858 1368 893 reddit
1394 868 1562 893 causam:
1588 854 1676 903 perd

502 922 604 955 ch'al
629 922 731 954 modo
759 924 877 955 nostro
904 930 975 954 non
1001 920 1179 962 aclocclu'a,
1204 919 1306 962 idest,
1326 918 1411 963 quia
1439 918 1560 953 anima
1588 928 1676 953 con-

506 981 627 1015 iuncta
655 980 798 1026 corpori
827 990 899 1015 non
926 979 1022 1015 videt
1048 982 1168 1024 acute,
1188 989 1254 1014 nec
1276 979 1485 1024 speculatur
1507 978 1600 1014 sicut
1618 988 1675 1014 se-

504 1043 641 1085 parata.
671 1040 712 1074 Et
740 1039 852 1085 tangit
870 1034 903 1083 (3)
926 1049 1040 1084 quare
1069 1038 1134 1073 iste
1161 1038 1248 1073 vivit
1275 1038 1343 1073 suh
1371 1038 1490 1073 verbis
1512 1037 1673 1073 occultis.

505 1100 555 1135 Ad
584 1100 680 1145 quod
709 1103 760 1135 est
793 1099 1005 1143 notandum,
1034 1098 1129 1143 quod
1163 1102 1278 1144 poetae
1312 1098 1453 1144 fingunt
1487 1098 1554 1132 tria
1591 1098 1673 1143 sata,

506 1170 664 1205 quorum
685 1159 802 1194 officia
823 1158 981 1205 figurant
1000 1158 1067 1193 sul)
1086 1158 1205 1204 specie
1226 1158 1335 1193 trium
1358 1157 1566 1202 mulierum,
1583 1168 1675 1203 qua—

505 1230 588 1254 rum
617 1230 690 1254 una
717 1222 836 1265 portat
863 1219 996 1263 colum,
1017 1218 1175 1253 secunda
1198 1217 1307 1252 trahit
1326 1217 1440 1261 filum,
1460 1217 1565 1252 tertia
1585 1227 1674 1252 vero

505 1282 649 1314 truncat
678 1279 827 1314 filatum.
857 1278 978 1313 Prima
1006 1281 1158 1313 vocatur
1185 1278 1312 1313 Clotho
1339 1287 1422 1322 quae
1456 1277 1674 1322 interpreta-

504 1342 564 1373 tur
592 1338 780 1383 productio
807 1338 851 1372 de
879 1348 950 1372 non
978 1347 1057 1372 esse
1084 1337 1127 1371 ad
1156 1347 1254 1381 esse,
1274 1340 1310 1372 et
1330 1347 1395 1382 per
1420 1337 1511 1372 hanc
1537 1331 1672 1381 dantff)

502 1397 649 1443 intelligi
678 1396 900 1431 nativitatem
929 1395 1095 1430 hominis.
1125 1396 1290 1431 Secunda
1314 1399 1467 1431 vocatur
1492 1396 1671 1442 Lachesis,

502 1466 584 1501 quae
612 1456 872 1501 interpretatur
905 1466 1006 1501 sors,
1041 1459 1076 1491 et
1108 1455 1283 1502 significat
1317 1466 1467 1491 cursum
1500 1457 1671 1492 humanae

502 1516 584 1551 vitae
612 1525 695 1560 quae
722 1516 789 1550 suh
809 1518 906 1550 sorte
925 1515 1075 1550 laborat.
1095 1515 1214 1550 Tertia
1235 1526 1323 1551 vero
1345 1519 1499 1551 vocatur
1521 1516 1674 1562 Atropos

502 1586 585 1620 quae
612 1579 665 1610 est
692 1575 858 1611 deductio
885 1575 931 1610 ab
959 1585 1037 1610 esse
1063 1575 1108 1609 ad
1137 1585 1207 1610 non
1236 1585 1326 1620 esse,
1352 1579 1387 1610 et
1412 1575 1673 1621 interpretatur

501 1635 577 1670 sine
613 1635 862 1679 conversione,
890 1634 975 1679 quia
1003 1645 1023 1669 a
1052 1638 1171 1670 morte
1202 1635 1246 1669 ad
1280 1635 1389 1670 vitam
1423 1638 1477 1670 est
1509 1635 1674 1680 impossi-

502 1695 572 1730 bile
591 1690 625 1739 (ὅ)
655 1694 731 1729 tieri
761 1704 980 1741 regressum.
1009 1694 1099 1729 Dicit
1127 1704 1235 1741 ergo:
1259 1692 1389 1739 perche*
1411 1696 1507 1737 colei,
1526 1695 1671 1737 scilicet,

500 1754 677 1799 Lachesis,
705 1755 763 1788 elce
789 1752 824 1788 di
849 1764 866 1788 e
893 1758 982 1788 nolle
1005 1756 1081 1798 fila,
1110 1754 1195 1798 quia
1229 1755 1401 1800 paulatim
1434 1750 1572 1799 dum(⁶)
1600 1765 1672 1790 non

500 1814 676 1850 sentimus
704 1813 931 1848 subtrahitur
958 1824 1103 1859 semper
1129 1814 1264 1859 aliquid
1292 1814 1374 1850 vita}
1402 1819 1552 1860 nostrae3
1577 1815 1673 1851 unde

500 1875 654 1910 vivendo
678 1874 860 1908 morimur
875 1868 923 1918 ³2⁷),
944 1877 979 1909 et
1007 1874 1133 1909 stando
1151 1869 1186 1917 (⁸)
1206 1875 1401 1920 currimus,
1421 1885 1491 1909 non
1511 1877 1561 1919 ylt'
1585 1885 1672 1910 avea

499 1938 605 1969 (ralla
633 1945 768 1968 (vicora
795 1935 829 1968 la
857 1935 1055 1977 conoeclzia,
1083 1934 1183 1979 idest,
1212 1938 1391 1980 stuppam,
1419 1935 1522 1980 quasi
1553 1935 1670 1970 dicat:

500 1994 661 2028 nondum
685 1997 961 2039 consumpserat
980 1993 1136 2028 calidum
1158 1995 1325 2030 naturale
1345 1998 1380 2029 et
1398 1994 1589 2029 humidum
1612 2005 1672 2031 ra—

498 2052 622 2097 dicale,
650 2054 708 2087 clte
739 2055 832 2087 Cloto
869 2055 1003 2097 Impone
1036 2064 1059 2087 α
1092 2055 1253 2088 cz'asczmo
1285 2065 1302 2088 e
1334 2055 1507 2098 compila5
1538 2054 1623 2099 quia
1649 2065 1670 2090 a

560 2188 586 2217 (Ἢ
607 2191 658 2216 117,
677 2196 726 2211 nou
745 2192 843 2218 poterat
862 2190 912 2212 huc
930 2190 1060 2213 accc-derv.
1114 2191 1139 2219 [²]
1158 2191 1187 2214 E.
1205 2197 1262 2220 quae
1280 2191 1349 2213 dedit
1366 2197 1392 2213 se
1411 2189 1470 2213 huic
1488 2189 1664 2219 speculationi.

561 2225 584 2253 (¹)
607 2228 657 2254 tt7,
675 2227 755 2256 tangit
773 2234 874 2250 causam
892 2233 980 2256 quare.
1114 2230 1139 2256 (¹)
1158 2230 1210 2255 117,
1229 2228 1271 2251 dat
1288 2227 1405 2257 intelligi.

562 2265 585 2293 ἦ]
603 2264 628 2287 S.
645 2265 801 2294 impossihile
819 2272 973 2295 regressum.
1113 2265 1138 2294 (⁶)
1156 2266 1184 2289 E.
1204 2267 1263 2289 dum
1281 2273 1349 2289 nunc
1368 2265 1484 2289 stetimus
1501 2265 1669 2289 subtrahitur.

561 2302 585 2331 (⁷)
603 2302 626 2325 S.
645 2309 746 2332 semper
764 2303 900 2327 morimur.
1114 2303 1139 2331 (⁸)
1159 2304 1187 2326 E.
1205 2307 1229 2327 et
1248 2305 1337 2328 stando
1355 2304 1517 2331 attrahimur,
1537 2310 1585 2326 non
1602 2304 1646 2334 915.
