1766 2856
520 255 589 288 346
913 259 1117 285 COMENTUM
1143 260 1310 284 PARADISI

517 344 583 380 per
610 344 648 369 se
675 334 768 369 bene
796 336 890 368 notae
909 332 986 367 sine
1005 331 1126 377 aliqua
1149 331 1489 368 demonstratione*
1504 329 1542 377 ὕ)
1564 343 1698 369 secun-

517 393 607 429 dum
623 392 853 428 Aristotelem
872 391 965 427 libro
984 391 1243 438 posteriorum,
1259 392 1351 427 sicut
1370 392 1456 428 ista:
1479 403 1579 428 omne
1593 397 1699 429 tolum

516 458 566 489 est
591 455 702 488 malus
728 464 792 488 seca
813 457 941 498 parle5
964 463 1022 488 ma
1037 454 1088 498 fia
1104 463 1169 498 per
1190 464 1225 487 se
1244 457 1338 497 noto,
1358 453 1451 488 sicut
1469 453 1590 499 aliqua
1611 464 1697 500 pro-

515 514 644 560 positio
660 509 696 558 ἒ)
712 513 1021 559 manifestissima,
1037 513 1117 549 ideo
1135 513 1235 549 dicit:
1256 524 1277 548 α
1296 515 1397 557 {suisa
1417 515 1473 549 del
1490 525 1550 549 ver
1564 516 1698 559 primo,

515 574 618 619 idest,
642 574 687 609 ad
715 574 867 609 modum
886 573 1040 609 alicuius
1060 574 1313 620 propositionis
1330 569 1370 619 ἦ)
1389 574 1700 620 principalissimae

516 639 552 671 et
566 634 778 679 verissimae,
795 644 878 679 quae
893 633 1098 679 appellatur
1114 634 1275 669 maxima
1291 634 1326 669 in
1341 634 1464 679 aliqua
1479 634 1648 680 scientia;
1664 638 1700 670 et

516 695 617 731 dicit:
645 696 704 729 elce
725 696 746 729 l'
763 705 842 729 nom
859 696 973 738 erede,
994 694 1140 739 scilicet,
1160 694 1237 729 sine
1258 694 1328 730 alia
1348 695 1574 740 probatione,
1595 694 1698 740 quasi

516 755 628 791 dicat:
660 755 754 790 sicut
788 754 963 801 principia
995 754 1232 790 scientiarum
1264 755 1518 790 conceduntur
1550 759 1586 791 et
1618 765 1699 791 cre-

516 815 654 851 duntur
673 815 708 849 in
728 814 866 850 mundo
885 818 1009 850 nostro
1026 818 1215 860 tamquam
1232 825 1296 860 per
1317 825 1356 850 se
1376 819 1461 851 nota
1481 815 1557 851 sine
1574 815 1699 862 dispu-

517 875 653 911 tatione
681 875 738 910 vel
766 874 1010 920 dubitatione,
1040 875 1088 910 ita
1115 874 1238 910 omnia
1266 885 1350 920 quae
1380 879 1466 910 sunt
1494 875 1587 921 fidei,
1615 885 1699 921 quae

516 935 652 971 scimus
679 934 736 970 hic
763 944 828 981 per
861 934 976 970 solam
1008 934 1263 970 credulitatem
1296 939 1405 971 erunt
1437 935 1539 971 nobis
1572 935 1700 971 certis-

516 995 607 1031 sima
635 998 670 1031 et
698 995 991 1031 manifestissima
1018 996 1054 1030 in
1082 995 1141 1031 illo
1170 1006 1285 1042 regno
1313 996 1520 1031 beatorum.
1544 997 1587 1031 Et
1611 1006 1700 1032 con-

516 1055 627 1092 cludit
654 1059 760 1102 poeta
779 1056 937 1101 qualiter
951 1056 1058 1102 juxta
1081 1059 1307 1102 praeceptum
1327 1056 1500 1092 Beatricis
1519 1057 1593 1103 egit
1611 1067 1698 1103 gra-

516 1116 583 1151 tias
611 1116 686 1151 Deo
713 1116 758 1152 de
784 1116 902 1162 gratia
929 1116 995 1152 sibi
1023 1116 1152 1152 collata
1179 1117 1226 1152 ab
1253 1127 1308 1161 ee,
1328 1117 1466 1152 dicens:
1495 1119 1529 1152 io
1555 1119 1696 1162 risposi,

516 1176 563 1211 illi
591 1176 757 1222 Beatrici,
778 1178 971 1220 maclomza,
995 1187 1078 1222 quae
1105 1187 1144 1212 es
1170 1177 1316 1212 domina
1345 1177 1502 1212 aliarum
1530 1178 1699 1213 scientia-

517 1248 613 1283 rum,
641 1234 670 1272 s}
697 1239 826 1282 divom,
849 1237 951 1283 idest,
971 1248 1040 1284 ego
1059 1238 1192 1274 Dantes
1218 1241 1360 1273 tantum
1384 1238 1538 1273 devotus
1557 1242 1592 1274 et
1610 1249 1698 1285 sup-

516 1298 611 1344 plex,
639 1301 769 1342 quanto
791 1308 899 1342 posse
921 1295 983 1342 piz'c
1010 1308 1133 1342 essere,
1160 1308 1232 1333 non
1252 1301 1433 1343 quantum
1453 1298 1536 1333 volo
1555 1299 1613 1334 vel
1632 1299 1696 1335 de-

516 1359 598 1404 beo,
627 1360 813 1402 rinmazio
833 1360 907 1402 Lm',
926 1358 1073 1403 scilicet,
1092 1358 1180 1403 Deo,
1200 1360 1233 1393 lo
1253 1360 1354 1402 quale
1372 1360 1415 1393 υτ·
1429 1360 1475 1393 ha
1493 1360 1619 1394 rimoso
1637 1360 1701 1394 dal

517 1421 648 1454 morlal
674 1420 814 1463 mondo,
842 1419 981 1465 supple,
1001 1422 1036 1454 et
1065 1418 1175 1454 traxit
1201 1428 1262 1454 me
1289 1418 1334 1454 ad
1361 1419 1609 1455 immortalem
1631 1429 1698 1466 per

516 1479 664 1526 longam
694 1480 829 1515 scalam
857 1478 1185 1525 contemplationis.

591 1542 653 1574 Ma
680 1541 805 1574 dicenti.
834 1539 904 1574 Ista
931 1542 983 1574 est
1016 1539 1122 1574 tertia
1153 1549 1238 1584 pars
1269 1538 1415 1584 capituli
1432 1533 1467 1583 (4)
1502 1539 1696 1586 generalis,

515 1600 551 1635 in
578 1610 652 1645 qua
680 1603 786 1646 poeta
813 1599 947 1635 Dantes
976 1602 1098 1634 movet
1126 1599 1367 1644 quaestionem
1391 1599 1436 1634 de
1454 1600 1565 1646 signis
1586 1610 1699 1645 appa-

516 1660 680 1695 rentibus
708 1659 743 1694 in
766 1669 921 1705 corpore
940 1659 1047 1694 lunae.
1069 1658 1169 1694 Unde
1192 1658 1299 1704 petit:
1320 1661 1381 1693 ,lla
1403 1660 1531 1703 (lilemi,
1554 1669 1599 1694 ex
1622 1670 1696 1704 quo

514 1719 612 1755 Deus
639 1719 756 1766 gratia
784 1730 850 1755 sua
878 1719 1048 1765 perduxit
1074 1728 1135 1754 me
1160 1718 1205 1753 ad
1225 1719 1363 1763 lunam,
1386 1718 1491 1754 dicite
1511 1719 1617 1754 mihi:
1638 1721 1697 1754 elce

514 1790 579 1814 son
605 1781 629 1814 Ιιῗ
654 1781 751 1824 sequi
778 1780 846 1823 bui,
875 1780 975 1825 idest,
997 1779 1172 1814 nebulosa
1193 1779 1249 1814 vel
1270 1779 1390 1813 minus
1410 1779 1541 1824 lucida,
1560 1781 1597 1814 cli
1614 1790 1696 1824 que-

514 1843 566 1874 sto
593 1850 715 1884 corpo,
739 1840 885 1885 scilicet,
905 1839 1013 1884 lunae,
1033 1840 1091 1873 elce
1106 1840 1338 1884 scmn’allrm',
1357 1839 1503 1885 scilicet,
1524 1840 1696 1887 vulgares

516 1899 674 1947 ignaros,
693 1901 917 1945 Ῑαυοῐθῃῃίαν
941 1901 1100 1944 layyiuso
1119 1900 1155 1934 in
1174 1903 1285 1943 terra,
1305 1899 1340 1934 in
1359 1899 1418 1935 illo
1438 1900 1575 1935 mundo
1596 1910 1696 1935 mor-

516 1960 588 2006 tali,
609 1962 645 1995 αι’
674 1962 786 1996 Cain?
813 1961 899 2007 quia
925 1960 1061 1996 scilicet
1088 1960 1221 2006 vulgus
1241 1959 1276 1994 in
1296 1963 1394 1995 terra
1422 1959 1505 1995 dicit
1532 1960 1696 1996 fabulose

516 2021 613 2067 quod
641 2022 729 2057 Cain
764 2025 819 2058 est
853 2021 991 2068 positus
1024 2021 1058 2055 in
1091 2020 1189 2065 luna,
1225 2019 1287 2065 qui
1323 2019 1421 2056 vadit
1452 2020 1694 2056 sacrificatum

515 2092 600 2117 cum
629 2082 748 2128 spinis.
770 2082 812 2117 Et
830 2081 951 2117 subdit
971 2080 1243 2127 responsionem
1264 2079 1448 2125 Beatricis,
1469 2090 1552 2125 quae
1577 2079 1695 2125 primo

515 2141 637 2187 arguit
670 2152 837 2178 errorem
865 2141 1081 2186 hominum,
1113 2144 1148 2176 et
1175 2140 1259 2175 dicit
1290 2139 1461 2186 breviter,
1490 2140 1589 2186 quod
1622 2150 1695 2175 non

515 2200 622 2236 debet
649 2201 729 2246 plus
757 2202 883 2237 mirari
910 2201 938 2237 si
960 2200 1140 2247 judicium
1174 2200 1363 2235 bominum
1392 2203 1446 2236 est
1473 2200 1695 2236 insufficiens

577 2296 602 2323 (¹2
622 2296 656 2318 Le
674 2296 762 2324 parole
780 2296 818 2318 sra
836 2297 843 2319 i
861 2296 910 2320 «lue
928 2295 1061 2319 asieri-<chi
1078 2302 1123 2318 son
1142 2295 1253 2325 supplile
1271 2296 1338 2326 dagli
1356 2295 1414 2318 auri
1433 2298 1472 2319 tre
1489 2295 1583 2319 Codici.

577 2333 602 2362 (²)
622 2333 650 2356 E.
669 2334 809 2363 proportio.
937 2333 964 2363 (⁸)
982 2333 1011 2356 E.
1031 2333 1210 2363 proportionis.
1330 2333 1355 2364 (¹)
1374 2334 1402 2357 E.
1421 2334 1496 2357 huius
1514 2333 1627 2364 capituli.
