1737 2836
350 219 486 244 omres
512 219 702 244 uosssmts
728 218 904 250 QuARTcs.
1167 211 1211 243 69

45 291 93 326 lx
118 291 351 335 Ethicoruni3
379 290 481 336 quasi
508 290 601 325 dicat
629 291 753 326 tacite:
786 300 845 326 me
879 292 1021 336 oportet
1052 289 1214 335 expediri

44 351 149 387 citius
175 361 198 386 a
225 354 271 395 te,
292 360 337 386 ne
360 349 589 386 retardemus
608 349 760 384 Statium
783 349 844 395 qui
864 349 975 385 tendit
993 349 1038 384 ad
1058 349 1213 393 coelum3

47 411 126 446 ideo
162 410 218 446 dic
259 410 356 454 mihi,
385 418 485 455 rogo,
513 408 575 443 ubi
607 412 661 444 est
695 420 799 444 soror
827 411 915 444 tua?
951 409 993 444 Et
1031 408 1113 444 facit
1150 418 1214 454 pe-

47 471 208 506 titionem
237 481 354 514 suam,
373 469 513 504 dicens:
542 479 598 502 ma
619 469 756 512 camme,
775 473 969 514 postquam
988 469 1059 504 dixi
1090 468 1150 505 tibi
1170 468 1216 504 de

49 531 148 576 meis,
175 542 211 566 se
240 534 274 565 Ιιι
306 531 372 573 sai,
404 525 516 564 dov’e*
547 530 734 572 Piccarda,
765 539 869 564 soror
902 533 984 573 tuag
1013 532 1047 564 et
1080 529 1214 564 iterum

47 592 153 638 petit:
172 593 297 625 ‹Iimme
313 591 340 624 s’
355 591 388 624 io
407 590 527 633 reyyio
542 599 695 633 persona
721 589 769 623 da
796 592 912 632 notar,
938 588 1084 634 dignam
1104 589 1213 633 sama,

48 655 103 686 tra
134 654 251 695 questa
280 653 389 694 genle,
424 649 651 695 gulosorum,
679 649 737 683 che
767 644 795 683 si
827 649 873 682 mi
902 649 1090 691 riman-da,
1128 658 1214 682 cum

48 714 147 746 tanta
173 709 422 745 admiratione.
437 729 486 734 —
501 711 549 744 La
578 711 657 744 mia.
682 709 744 744 Hic
767 712 871 754 poeta
890 707 989 753 ponit
1012 706 1216 753 responsio-

48 781 132 806 nem
159 769 294 805 Foresii
323 769 439 815 primo
465 769 510 805 ad
542 769 697 815 primam
734 769 943 814 petitionem
977 778 1080 802 suam
1115 776 1218 802 com-

50 830 224 866 mendans
250 839 414 864 sororem
443 839 548 864 suam
581 828 710 864 merita
741 828 860 873 laude,
891 827 1032 862 dicens:
1068 829 1115 861 La
1148 827 1217 861 Μία

49 891 189 933 sorella,
215 889 359 934 scilicet,
384 888 545 933 Picarda,
565 890 623 923 elce
641 892 697 923 [ra
716 889 802 923 bella
821 898 838 921 e
857 888 971 922 lutona
992 898 1058 921 nou
1079 898 1118 921 so
1136 888 1219 930 qual

46 953 138 996 fosse
158 947 231 994 piet,
255 953 290 984 et
317 952 370 984 est
398 959 529 995 magna
549 949 627 984 laus
647 948 821 993 mulieris,
845 947 929 993 quia
954 957 1036 982 rara
1059 950 1111 981 est
1131 957 1219 982 con—

50 1010 171 1046 cordia
187 1009 314 1045 formae
329 1013 440 1054 atque
463 1008 653 1054 pudicitiae,
669 1010 800 1053 {rionfa
815 1009 892 1042 lzssela
910 1008 1062 1042 nell'alm
1077 1008 1218 1051 ole'mpo,

50 1070 151 1114 idest,
178 1069 214 1104 in
240 1069 331 1104 coelo
358 1078 543 1114 empyreo,
566 1063 626 1112 yid
653 1069 689 1102 cli
713 1078 777 1102 sua
804 1078 950 1111 corona,
970 1067 1055 1112 quia
1075 1076 1219 1112 pugna-

52 1129 102 1165 vit
128 1129 269 1164 sortiter
295 1129 329 1163 in
358 1128 495 1164 mundo
522 1131 647 1163 contra
676 1138 838 1172 earnem,
866 1127 929 1162 ubi
960 1130 1014 1162 est
1047 1126 1218 1162 continua

53 1200 186 1236 pugna,
214 1188 275 1224 sed
303 1199 384 1224 rara
404 1188 573 1233 victoria3
598 1187 678 1223 ideo
710 1197 805 1222 nunc
826 1186 959 1221 fruitur
985 1197 1072 1221 vora
1091 1186 1217 1232 gloria.

51 1249 94 1284 Et
120 1249 169 1284 sic
196 1248 276 1284 vide
304 1248 400 1293 quod
427 1248 560 1283 Dantes
579 1247 693 1282 tribus
713 1247 884 1282 fratribus
911 1247 971 1282 dat
999 1246 1065 1281 tria
1094 1256 1219 1293 regna,

53 1309 196 1353 scilicet,
230 1308 389 1344 Picardae
424 1308 644 1354 paradisum,
671 1307 818 1343 Foresio
848 1307 1116 1353 purgatorium,
1151 1307 1220 1342 Ac-

52 1369 174 1403 cursio
200 1369 396 1413 infernum,
425 1372 465 1403 ut
496 1368 631 1414 patebit
662 1368 770 1413 paulo
802 1367 904 1402 infra.
933 1367 976 1401 Et
1010 1366 1130 1401 subdit
1163 1376 1221 1402 re-

54 1428 283 1474 sponsionem
311 1427 446 1463 Foresii
472 1427 516 1463 ad
544 1427 742 1463 secundani
773 1426 994 1472 petitionem,
1021 1426 1160 1461 dicens:
1191 1422 1220 1460 sl

53 1489 143 1522 disse
166 1489 200 1522 in
225 1489 321 1532 pria,
341 1499 358 1522 e
381 1489 453 1532 poi,
473 1488 610 1533 supple,
633 1487 738 1522 dixit:
763 1488 820 1531 qui
840 1497 908 1521 non
931 1488 962 1521 εἰ
983 1488 1069 1521 ϊὶεία
1097 1488 1133 1521 αι’
1158 1497 1222 1521 ηο-

54 1548 171 1581 minar
188 1549 340 1591 ciascun,
361 1547 447 1592 quia
467 1547 617 1583 licenter
636 1557 781 1592 possum
802 1546 858 1581 hic
874 1546 1064 1581 nominare
1084 1556 1221 1580 unum-

53 1617 250 1652 quemque,
279 1610 315 1642 et
342 1607 463 1642 nullus
482 1606 628 1642 habebit
650 1617 715 1652 pro
735 1606 843 1650 malo,
863 1606 947 1651 quia
967 1609 1019 1641 est
1038 1605 1085 1640 ita
1106 1609 1224 1641 trans-

55 1666 232 1702 formatus
259 1677 378 1712 poena,
405 1666 502 1712 quod
530 1676 601 1701 non
628 1669 681 1702 est
707 1665 968 1712 cognoscibilis.
993 1665 1092 1700 Unde
1117 1665 1223 1700 dicit:

54 1727 101 1761 (la
127 1724 205 1761 clz'e'
229 1722 257 1760 si
283 1730 401 1761 mmzla
419 1730 541 1761 nostra
557 1726 772 1769 semfflcmw,
796 1725 895 1770 idest,
923 1735 968 1760 ex
997 1735 1069 1770 quo
1096 1728 1150 1760 est
1176 1725 1224 1760 ita

56 1786 231 1821 exhausta
263 1788 299 1820 et
333 1785 549 1821 macrefaeta
581 1785 792 1831 apparentia
825 1785 901 1820 sive
935 1784 1054 1830 figura
1089 1787 1223 1828 nostra,

56 1846 114 1879 υἱα
135 1855 201 1889 per
228 1846 262 1878 la
289 1845 392 1888 dieta,
420 1844 519 1890 idest,
547 1845 693 1891 longam
722 1845 868 1880 samem.
894 1845 936 1879 Et
963 1844 1135 1879 continuo
1155 1844 1224 1879 Fo-

55 1905 172 1940 resius
199 1904 361 1939 nominat
390 1915 504 1939 unum
537 1915 644 1939 suum
673 1905 832 1940 vicinum
866 1905 1038 1939 lucanum
1068 1904 1225 1948 natione,

55 1964 193 2000 dicens:
221 1966 339 2008 (messi,
367 1975 385 1998 e
411 1961 541 1999 moslrz)
559 1966 614 1999 col
629 1966 713 2008 (lico,
733 1968 773 1999 ut
791 1966 1084 2010 cognosceretur,
1112 1962 1131 1999 e*
1153 1966 1225 1998 Bo—

55 2026 236 2068 nayz'mzta,
265 2023 333 2060 *εἰ
360 2024 445 2070 quia
477 2024 580 2059 multi
611 2024 668 2059 alii
701 2027 868 2070 poterant
899 2024 949 2059 sic
984 2023 1117 2069 vocari,
1145 2023 1226 2059 ideo

55 2085 101 2121 ad
120 2085 314 2120 tollendam
338 2085 651 2130 equivocationem
677 2085 825 2130 ropetit3
848 2086 1069 2128 Bonayizmla
1084 2083 1102 2104 ss
1119 2080 1154 2128 (¹)
1178 2085 1225 2119 da

60 2147 189 2189 Lucca;
216 2155 283 2180 nec
309 2144 478 2180 describit
508 2155 593 2179 eum
625 2144 740 2189 aliter,
769 2144 852 2189 quia
885 2144 1025 2190 plenius
1056 2144 1149 2179 dicet
1181 2143 1226 2179 de

120 2273 147 2302 ιζ’)
165 2274 199 2296 Le
217 2273 304 2303 parole
323 2274 360 2297 sra
379 2274 385 2297 i
403 2274 452 2297 due
469 2273 600 2297 asterischi
617 2280 662 2297 son
679 2273 789 2303 snpplite
806 2273 847 2296 dal
864 2272 955 2296 Codice
974 2275 1026 2296 117.
