1766 2856
467 261 536 293 342
859 265 1064 291 COMENTUM
1090 266 1256 291 PARADISI

464 351 538 386 quo
565 340 702 375 dictum
730 342 784 374 est
811 338 847 373 iu
874 337 1095 384 praecedenti
1122 338 1292 385 capitulo,
1314 339 1371 373 del
1394 340 1562 385 deiforme
1587 350 1646 374 re-

460 411 545 444 gno,
574 399 674 443 idest,
703 397 871 444 paradisi,
900 398 963 443 qui
991 401 1044 433 est
1072 408 1229 445 regnum
1257 398 1448 435 conforme
1474 399 1539 446 ipsi
1558 400 1646 446 Deo,

460 471 521 495 cen
545 463 714 504 pot-cara,
743 459 778 493 in
805 459 941 494 coelum
971 459 1144 505 primum,
1175 461 1292 504 veloci,
1326 459 1428 505 idest,
1458 461 1645 506 velociter,

461 521 562 567 quast
587 530 682 554 come
700 521 724 554 ’l
748 521 811 554 ciel
838 520 959 554 vedele.
989 519 1030 554 Et
1058 520 1137 555 vult
1164 519 1200 554 in
1228 520 1361 555 effectu
1389 520 1523 566 dicere,
1547 521 1646 566 quod

462 590 595 627 magna
622 579 766 615 affectio
794 579 971 615 naturalis
991 579 1135 615 videndi
1154 580 1304 615 beatum
1334 590 1491 627 regnum
1521 581 1646 616 trahe-

460 640 522 676 bat
550 650 612 676 eos
639 650 726 676 cum
754 651 901 676 summa
929 640 1121 676 velocitate
1144 640 1347 676 secundum
1377 644 1521 676 motum
1550 641 1644 687 coeli,

460 701 506 736 de
533 701 639 736 cuius
667 701 859 737 velocitate
891 701 1028 736 dictum
1062 705 1115 736 est
1148 701 1184 736 in
1220 701 1439 747 praecedenti
1466 702 1643 747 capitulo:

461 763 619 797 Bealrt'ce
644 763 834 806 ffltctrdcwtz
862 763 895 796 ἰη
930 772 1023 806 suso,
1054 761 1201 807 scilicet,
1229 761 1274 797 ad
1309 762 1458 807 coelum,
1487 763 1574 808 quia
1600 762 1646 799 ad

460 822 579 858 Deum
608 822 731 858 omnia
759 822 882 867 refert,
911 826 942 857 et
967 823 1000 857 io
1028 833 1050 856 α
1078 823 1133 865 lei,
1153 822 1239 868 quia
1267 832 1340 858 non
1367 822 1434 858 nisi
1462 823 1646 859 mediante

461 893 504 918 ea
531 885 676 928 poterat
703 882 828 918 videre
856 882 1029 918 coelestia.
1050 882 1093 917 Et
1112 882 1232 918 subdit
1252 883 1416 919 velocem
1437 883 1645 929 ingressum

461 952 527 988 per
564 952 675 977 unam
708 942 1022 988 comparationem
1064 943 1216 988 claram,
1249 943 1395 979 dicens:
1431 954 1449 978 e
1480 945 1578 989 forse
1608 945 1644 978 in

462 1006 570 1048 conlo,
606 1004 641 1037 ἱη
672 1007 802 1048 quomo
832 1014 877 1038 zm
905 1004 1055 1047 qzcadrel
1078 1013 1184 1048 poso,
1216 1003 1362 1049 scilicet,
1391 1003 1427 1038 in
1463 1004 1602 1049 balista,
1629 1014 1647 1038 e

465 1065 543 1098 cola
565 1074 582 1098 e
602 1064 633 1098 si
654 1064 832 1098 clz'scla‘czz-cz
851 1065 942 1098 della
970 1074 1066 1109 noce,
1092 1067 1128 1099 et
1149 1066 1202 1099 est
1225 1063 1281 1099 hic
1299 1060 1334 1108 ζ’)
1357 1063 1644 1110 praeposteratiO‚

462 1124 548 1170 quia
580 1124 718 1171 sagipta
746 1124 865 1170 prImo
892 1124 1126 1169 disclavatur,
1153 1127 1189 1159 et
1223 1127 1348 1170 postea
1385 1125 1494 1169 volat,
1528 1125 1646 1159 vidimc'

460 1186 593 1229 manto,
623 1184 769 1229 scilicet,
797 1184 843 1219 ad
870 1184 1004 1229 locum,
1033 1195 1096 1218 ore
1115 1184 1256 1219 mit-abt!
1275 1195 1370 1229 cosa,
1396 1184 1541 1229 scilicet,
1562 1194 1645 1220 cor-

461 1256 529 1291 pus
556 1245 664 1290 lunae,
693 1246 740 1280 mi
765 1249 857 1279 lorse
884 1245 907 1279 il
936 1246 1019 1289 viso,
1051 1244 1197 1290 scilicet,
1226 1245 1523 1290 intellectualem,
1547 1255 1569 1279 a
1597 1243 1642 1280 se‘.

462 1306 505 1340 Et
531 1306 588 1341 hic
616 1309 701 1341 nota
721 1305 819 1351 quod
834 1300 871 1349 β)
892 1315 979 1340 vere
998 1305 1085 1340 luna
1104 1308 1158 1341 est
1178 1305 1344 1341 miranda
1366 1315 1437 1350 res,
1459 1305 1545 1351 quia
1564 1306 1644 1352 plus

461 1366 626 1402 variatur
653 1376 765 1411 quam
793 1365 890 1401 aliud
918 1375 1053 1411 eorpus
1085 1365 1245 1411 coeleste,
1275 1375 1372 1401 nunc
1400 1366 1518 1411 plena,
1547 1376 1645 1401 nunc.

460 1437 589 1472 vacua,
618 1437 716 1462 nunc
745 1425 874 1470 media,
903 1436 1001 1461 nunc
1029 1429 1196 1471 cornuta,
1217 1428 1253 1461 et
1276 1426 1356 1472 plus
1380 1429 1502 1461 movet
1525 1429 1561 1461 et
1580 1437 1645 1462 va-

460 1487 530 1522 riat
556 1487 623 1522 ista
650 1486 822 1522 inferiora
852 1486 992 1521 ratione
1020 1486 1221 1521 velocitatis
1240 1489 1275 1522 et
1295 1485 1486 1521 vicinitatis
1504 1485 1549 1521 ad
1571 1489 1645 1522 ter-

461 1558 559 1592 ram,
589 1547 687 1582 unde
709 1549 943 1593 congregatae
965 1550 1050 1581 sunt
1070 1546 1105 1581 iu
1124 1557 1168 1582 ea
1187 1556 1316 1582 omnes
1338 1546 1493 1582 virtutes
1509 1542 1545 1591 (³)
1566 1557 1646 1582 mo-

461 1608 625 1643 ventium
660 1607 906 1653 superiorum.
939 1606 1023 1642 Ideo
1057 1610 1182 1642 movet
1211 1617 1314 1642 mare
1346 1617 1392 1642 ex
1424 1618 1463 1642 se
1495 1607 1581 1653 ipsa,
1609 1610 1645 1642 et

460 1668 596 1703 virtute
623 1667 770 1702 luminis
798 1666 897 1712 quod
925 1669 1119 1702 mutuatur
1145 1677 1166 1702 a
1194 1667 1281 1711 sole,
1310 1667 1408 1712 quod
1436 1667 1563 1702 lumen
1590 1670 1644 1702 est

460 1732 706 1774 temperatum
735 1727 770 1762 in
798 1737 853 1773 ea,
881 1737 967 1763 cum
997 1727 1032 1762 in
1060 1727 1135 1762 sole
1163 1727 1206 1762 sit
1231 1727 1439 1772 aliqualiter
1463 1727 1644 1773 intempe-

460 1793 594 1826 ratum.
622 1789 682 1823 Est
710 1787 807 1824 enim
835 1787 1080 1823 exiccativum
1110 1787 1261 1833 humidi,
1282 1791 1317 1823 et
1343 1788 1580 1834 coniungitur
1607 1787 1643 1822 in

459 1851 555 1887 luna}
581 1849 709 1896 frigido
731 1852 935 1895 temperato
955 1852 990 1884 et
1010 1848 1176 1884 humido:
1198 1848 1278 1884 ideo
1297 1849 1378 1894 plus
1398 1848 1514 1884 inssuit
1533 1858 1644 1894 super

459 1911 631 1948 inferiora
661 1920 773 1956 quam
801 1910 924 1955 aliqua
952 1909 1069 1944 virtus
1092 1909 1261 1954 coelestis,
1281 1909 1367 1954 quia
1389 1909 1558 1945 celeriter
1580 1919 1644 1954 ap-

459 1973 567 2019 plicat
586 1982 624 2007 se
646 1971 818 2007 omnibus
837 1970 958 2006 stellis.
979 1970 1063 2006 Ideo
1082 1970 1176 2006 bene
1194 1969 1283 2005 dixit
1301 1969 1524 2015 Aristoteles,
1545 1968 1643 2015 quod

460 2034 546 2069 luna
574 2032 658 2068 facit
684 2032 720 2067 iu
748 2042 875 2067 mense
902 2031 1000 2077 quod
1028 2031 1080 2066 sol
1108 2030 1191 2066 facit
1218 2030 1253 2065 in
1280 2040 1394 2075 anno;
1420 2039 1535 2075 quare
1563 2039 1643 2064 me-

460 2093 528 2129 dici
556 2093 592 2128 in
614 2092 790 2137 curando,
810 2092 980 2139 agricolae
999 2091 1035 2126 in
1055 2090 1219 2136 colendo,
1239 2093 1362 2126 nautae
1381 2089 1416 2124 in
1437 2089 1642 2136 navigando

461 2156 668 2198 sequuntur
697 2156 840 2188 motum
864 2153 972 2197 lunae,
992 2161 1075 2197 quae
1104 2154 1252 2197 propter
1278 2160 1383 2185 suam
1407 2149 1644 2185 materialita-

462 2217 535 2249 tem
557 2217 654 2249 tenet
672 2213 834 2258 aliquam
862 2212 1126 2248 obscuritatem
1154 2210 1263 2247 etiam
1285 2215 1478 2256 postquam
1507 2209 1642 2245 illumi-

524 2306 549 2335 (¹)
568 2306 597 2329 E.
616 2306 679 2329 haec.
891 2305 917 2335 (⁹)
936 2306 965 2329 E.
983 2305 1052 2335 quod
1070 2308 1161 2328 ualui-a
1179 2304 1247 2328 lunae
1265 2307 1311 2329 est.

525 2344 551 2373 (⁸)
569 2345 598 2368 E.
616 2345 724 2368 virtutes
741 2347 882 2373 moventes,
901 2350 946 2367 sou
964 2343 1130 2367 mox-entium.
