1766 2856
526 229 589 260 176
884 232 1086 257 COMENTUM
1113 232 1330 257 PLTRGATORII

515 308 550 341 la
576 308 671 341 selva
693 307 810 350 perch?
826 304 844 339 e*
866 306 967 349 folla,
995 304 1096 349 idest,
1124 305 1319 340 arboribus
1346 305 1471 350 plena:
1501 308 1536 341 et
1563 306 1614 341 sic
1640 306 1694 341 vi-

515 366 623 402 detur
651 366 772 401 dicere
798 365 971 409 breviter,
1000 365 1098 410 quod
1125 369 1256 401 ventus
1285 365 1346 410 qui
1375 369 1428 401 est
1455 366 1512 402 hic
1540 377 1612 402 non
1640 370 1693 402 est

514 426 612 462 aliud
640 436 751 470 quam
781 429 902 460 motus
929 425 1036 470 aeris,
1056 425 1154 470 quod
1182 425 1288 460 multi
1316 425 1426 461 etiam
1453 426 1625 462 dixerunt
1648 427 1693 463 de

516 488 639 520 nostro
666 489 776 521 vento
803 485 973 521 inferiori.
1003 485 1072 521 Sed
1100 485 1155 520 hic
1184 489 1280 529 nota,
1309 485 1435 530 lector,
1458 486 1555 531 quod
1583 490 1690 533 poeta

516 549 638 581 noster
658 556 729 581 non
749 545 892 581 videtur
912 556 1049 591 ponere
1067 545 1213 590 aliquod
1233 546 1459 581 elementum
1479 546 1582 592 iguis,
1598 547 1691 582 sicut

514 606 624 651 aliqui
645 606 841 652 philosophi
861 606 1012 651 antiqui,
1033 605 1095 651 qui
1117 605 1289 640 dlxeruut
1310 605 1431 651 ignem
1451 607 1620 653 generari
1644 618 1689 643 ex

515 666 772 701 confricatione
799 666 894 701 aeris
921 665 966 700 ad
993 666 1151 709 coelum,
1173 665 1270 701 unde
1296 666 1395 711 ponit
1414 666 1471 702 hic
1489 677 1617 703 aerem
1637 667 1691 702 vi-

514 736 603 761 vum
637 726 841 762 continuari
876 726 979 761 coelo.
1009 725 1126 770 Aliqui
1164 736 1252 760 vero
1289 726 1454 762 moderni
1487 731 1690 772 posuerunt

514 795 639 821 aerem
668 786 793 820 vivum
821 796 931 831 super
959 785 1092 832 iguem,
1113 785 1206 821 sicut
1225 786 1423 822 Brunettus
1447 787 1606 832 Latinus,
1627 788 1688 833 qui

515 845 663 881 nescivit
691 845 971 890 philosophiamg
1002 849 1035 880 et
1063 845 1155 881 sicut
1187 845 1335 881 Michael
1364 846 1506 881 Scottus
1534 847 1597 892 qui
1623 847 1690 882 fuit.

516 905 643 940 melior
660 915 788 951 magus
804 915 916 950 quam
932 906 1119 950 naturalis,
1137 909 1176 940 ut
1191 905 1275 941 dicit
1289 906 1477 941 Albertus:
1497 906 1559 941 sed
1577 906 1688 942 credo

514 966 610 1011 quod
638 969 744 1011 poeta
772 966 934 1011 loquitur
954 966 1152 1011 moraliter,
1174 970 1213 1001 ut
1233 966 1397 1002 ostendat
1424 967 1684 1002 habitationem

513 1026 669 1061 hominis
696 1026 845 1071 perfecti
873 1036 951 1061 esse
979 1026 1188 1072 contiguam
1210 1027 1314 1071 coelo,
1335 1026 1427 1061 sicut
1445 1026 1612 1063 doctores
1634 1027 1687 1062 di-

513 1088 600 1121 cunt
628 1086 836 1131 paradisum
859 1085 1072 1121 deliciarum
1093 1086 1301 1132 pertingere
1324 1097 1441 1131 usque
1465 1086 1510 1122 ad
1537 1087 1686 1132 globum

513 1147 609 1181 lunae
636 1146 867 1192 hyperbolice
886 1147 1086 1191 loquentes.
1103 1149 1192 1181 —E
1209 1148 1253 1181 la.
1275 1147 1338 1182 Hic
1360 1147 1535 1182 Mathildis
1562 1150 1685 1182 osten-

513 1206 562 1240 dit
590 1206 745 1250 qualiter
772 1209 997 1252 generantur
1025 1206 1165 1242 t'ructus
1188 1207 1233 1241 ibi
1254 1207 1389 1242 virtute
1411 1207 1520 1252 venti,
1545 1206 1684 1242 dicens:

514 1268 544 1300 E
561 1267 595 1300 la
617 1267 755 1310 pe’anla,
775 1265 875 1311 idest,
895 1266 1007 1312 sylva,
1025 1277 1202 1311 percossa,
1222 1267 1267 1302 ab
1286 1267 1346 1302 illo
1365 1277 1452 1302 aere
1470 1267 1546 1303 sive
1567 1270 1686 1312 vento,

513 1330 607 1360 {aulo
632 1330 745 1370 pizele„
774 1326 874 1370 idest,
902 1330 956 1362 est
984 1330 1092 1362 tantae
1120 1327 1300 1372 potentiae,
1320 1328 1378 1361 che
1403 1328 1494 1362 della
1521 1338 1585 1361 sua
1613 1328 1686 1361 vir-

512 1389 576 1420 lnle
595 1388 777 1430 imprefflnc
796 1387 931 1430 l'aura,
947 1387 1048 1431 idest,
1069 1387 1191 1432 implet
1214 1397 1352 1432 aerem,
1372 1398 1388 1421 e
1406 1388 1532 1431 quella,
1551 1387 1686 1422 scilicet

509 1456 601 1481 aura
622 1447 678 1482 vel
697 1456 762 1481 aer
784 1446 832 1481 sic
861 1446 1134 1492 impraegnatus,
1157 1451 1283 1490 scuole,
1303 1447 1404 1491 idest,
1424 1450 1633 1482 commovet
1651 1450 1687 1483 et

508 1507 681 1551 concutit,
693 1509 756 1552 poi
768 1508 923 1550 yiramlo
942 1509 1104 1551 adorno,-
1123 1511 1158 1542 et
1178 1507 1244 1542 isto
1261 1507 1368 1542 modo
1383 1507 1420 1542 lit
1436 1507 1685 1553 multiplicatio

507 1565 684 1600 arborum
725 1565 794 1600 ihi:
833 1566 929 1601 unde
964 1566 1058 1610 dicit,
1088 1576 1105 1599 e
1131 1567 1262 1600 l'allra
1295 1571 1406 1607 (erra,
1434 1567 1527 1601 illius
1563 1567 1684 1613 sylvae,

507 1635 652 1669 concepe
678 1637 695 1659 e
713 1627 826 1669 fiylz'a,
847 1626 947 1670 idest,
967 1626 1081 1672 gignit
1109 1629 1145 1661 et
1171 1626 1274 1671 parit,
1294 1627 1429 1661 diverse
1447 1628 1563 1671 leyna,
1582 1627 1683 1672 idest,

508 1685 609 1720 varia
627 1682 661 1729 (¹)
691 1695 827 1731 genera
861 1686 1052 1730 arborum,
1079 1687 1116 1720 (Ιὶ
1142 1687 1276 1720 diverse
1304 1684 1405 1723 virlz't,
1431 1688 1580 1722 secondo
1607 1686 1687 1723 clt’e'

508 1746 635 1789 (leym,
664 1745 763 1790 idest,
792 1745 961 1791 disposita
989 1745 1140 1791 passive,
1158 1756 1223 1790 per
1240 1756 1289 1789 se,
1309 1745 1385 1781 sine
1412 1746 1563 1791 semine,
1583 1757 1604 1781 0
1619 1757 1684 1791 per

507 1816 569 1840 suo
597 1807 692 1847 clelo,
721 1805 820 1849 idest,
849 1805 1053 1840 secundum
1081 1805 1278 1851 puritatem
1306 1805 1362 1840 sui
1389 1806 1484 1841 aeris
1504 1810 1539 1842 et
1560 1806 1683 1853 proxi-

508 1865 671 1900 mitatem
701 1866 792 1900 c‹1‘=li.
814 1866 855 1900 Et
882 1866 1043 1901 declarat
1062 1866 1158 1911 quod
1181 1866 1269 1900 dixit
1292 1866 1349 1901 hic
1375 1866 1419 1902 (le
1445 1867 1682 1912 generatione

507 1926 683 1961 arborum
712 1936 776 1972 per
804 1926 837 1961 id
865 1926 963 1971 quod
990 1926 1118 1962 accidit
1145 1926 1340 1972 aliquando
1360 1926 1395 1961 in
1415 1927 1546 1962 nostris
1572 1927 1683 1963 arho-

508 1986 608 2021 ribus
636 1987 863 2031 naturaliter,
893 1986 955 2022 sed
982 1987 1148 2031 occulte;
1177 1997 1261 2021 nam
1295 1987 1417 2031 aliqua
1444 1987 1555 2022 arbor
1581 1987 1683 2033 vigo-

509 2056 590 2081 rosa
612 2046 827 2093 impraegnat
851 2057 977 2083 aerem
1006 2047 1303 2082 circumstantem
1331 2046 1443 2082 odore
1466 2057 1544 2091 suo,
1564 2050 1599 2082 et
1617 2047 1684 2083 ali—

507 2106 589 2151 quis
618 2110 747 2141 ventus
773 2110 933 2152 asportat
963 2107 1062 2142 illum
1091 2116 1217 2142 aerem
1245 2106 1289 2141 ad
1318 2110 1454 2142 terram
1487 2110 1609 2152 aptam
1637 2107 1682 2142 ad

505 2165 783 2211 concipiendum
801 2162 850 2210 (ἢ,
871 2170 905 2201 et
928 2167 974 2201 ibi
994 2170 1165 2202 nascetur
1193 2166 1316 2201 similis
1343 2167 1473 2211 arbor;
1494 2170 1529 2201 et
1551 2166 1598 2202 ita
1617 2166 1682 2202 ali-

569 2259 595 2287 (¹)
614 2260 642 2283 E.
661 2261 728 2283 saria
748 2261 876 2289 lignorum
896 2261 947 2284 sive
965 2261 1087 2283 arborum
1107 2268 1208 2291 genera,
1227 2263 1260 2285 di.

570 2298 594 2327 ς’)
614 2298 641 2321 Ε.
660 2299 855 2328 concipiendum
874 2300 916 2322 ubi
935 2302 1062 2323 nascetur.
