<?xml version="1.0" encoding="UTF-8"?>
<!DOCTYPE html PUBLIC "-//W3C//DTD XHTML 1.0 Transitional//EN"
    "http://www.w3.org/TR/xhtml1/DTD/xhtml1-transitional.dtd">
<html xmlns="http://www.w3.org/1999/xhtml" xml:lang="en" lang="en">
 <head>
  <title>
</title>
<meta http-equiv="Content-Type" content="text/html;charset=utf-8" />
  <meta name='ocr-system' content='tesseract 3.04.00' />
  <meta name='ocr-capabilities' content='ocr_page ocr_carea ocr_par ocr_line ocrx_word'/>
</head>
<body>
  <div class='ocr_page' id='page_1' title='image "./comentumsuperdan04benvuoft_0164.png"; bbox 0 0 1766 2856; ppageno 0'>
   <div class='ocr_carea' id='block_1_1' title="bbox 501 229 1311 259">
    <p class='ocr_par' dir='ltr' id='par_1_1' title="bbox 501 229 1311 259">
     <span class='ocr_line' id='line_1_1' title="bbox 501 229 1311 259; baseline -0.007 0"><span class='ocrx_word' id='word_1_1' title='bbox 501 229 568 259; x_wconf 74' lang='lat'>152</span> <span class='ocrx_word' id='word_1_2' title='bbox 863 230 1066 256; x_wconf 61' lang='lat' dir='ltr'>coMiixTL‘M</span> <span class='ocrx_word' id='word_1_3' title='bbox 1091 229 1311 255; x_wconf 78' lang='lat' dir='ltr'>PURGATORH</span> 
     </span>
    </p>
   </div>
   <div class='ocr_carea' id='block_1_2' title="bbox 496 301 1680 2207">
    <p class='ocr_par' dir='ltr' id='par_1_2' title="bbox 496 301 1680 2207">
     <span class='ocr_line' id='line_1_2' title="bbox 499 301 1672 350; baseline -0.005 -8"><span class='ocrx_word' id='word_1_4' title='bbox 499 317 557 342; x_wconf 85' lang='lat' dir='ltr'>ras</span> <span class='ocrx_word' id='word_1_5' title='bbox 583 310 618 342; x_wconf 89' lang='lat' dir='ltr'>et</span> <span class='ocrx_word' id='word_1_6' title='bbox 645 305 791 341; x_wconf 84' lang='lat' dir='ltr'>castella</span> <span class='ocrx_word' id='word_1_7' title='bbox 818 306 984 350; x_wconf 86' lang='lat' dir='ltr'>potenter</span> <span class='ocrx_word' id='word_1_8' title='bbox 1011 302 1211 347; x_wconf 80' lang='lat' dir='ltr'>acquisivit.</span> <span class='ocrx_word' id='word_1_9' title='bbox 1241 302 1357 337; x_wconf 85' lang='lat' dir='ltr'>Huius</span> <span class='ocrx_word' id='word_1_10' title='bbox 1383 302 1476 337; x_wconf 85' lang='lat' dir='ltr'>filius</span> <span class='ocrx_word' id='word_1_11' title='bbox 1498 301 1592 336; x_wconf 85' lang='lat' dir='ltr'>Atho</span> <span class='ocrx_word' id='word_1_12' title='bbox 1610 311 1672 336; x_wconf 86' lang='lat' dir='ltr'>ca-</span> 
     </span>
     <span class='ocr_line' id='line_1_3' title="bbox 497 361 1668 409; baseline -0.005 -8"><span class='ocrx_word' id='word_1_13' title='bbox 497 370 613 401; x_wconf 86' lang='lat' dir='ltr'>strum</span> <span class='ocrx_word' id='word_1_14' title='bbox 627 366 795 401; x_wconf 78' lang='lat' dir='ltr'>Canossae</span> <span class='ocrx_word' id='word_1_15' title='bbox 811 363 1091 409; x_wconf 74' lang='lat' dir='ltr'>inexpugnabile</span> <span class='ocrx_word' id='word_1_16' title='bbox 1106 362 1262 398; x_wconf 88' lang='lat' dir='ltr'>condidit</span> <span class='ocrx_word' id='word_1_17' title='bbox 1277 362 1312 396; x_wconf 90' lang='lat' dir='ltr'>in</span> <span class='ocrx_word' id='word_1_18' title='bbox 1328 361 1504 397; x_wconf 86' lang='lat' dir='ltr'>comitatu</span> <span class='ocrx_word' id='word_1_19' title='bbox 1518 361 1668 407; x_wconf 73' lang='lat' dir='ltr'>Regino,</span> 
     </span>
     <span class='ocr_line' id='line_1_4' title="bbox 498 420 1668 471; baseline -0.006 -10"><span class='ocrx_word' id='word_1_20' title='bbox 498 426 558 461; x_wconf 90' lang='lat' dir='ltr'>ubi</span> <span class='ocrx_word' id='word_1_21' title='bbox 585 429 710 471; x_wconf 84' lang='lat' dir='ltr'>postea</span> <span class='ocrx_word' id='word_1_22' title='bbox 737 423 911 459; x_wconf 81' lang='lat' dir='ltr'>Matliildis</span> <span class='ocrx_word' id='word_1_23' title='bbox 938 433 1033 469; x_wconf 83' lang='lat' dir='ltr'>saepe</span> <span class='ocrx_word' id='word_1_24' title='bbox 1059 433 1203 458; x_wconf 85' lang='lat' dir='ltr'>moram</span> <span class='ocrx_word' id='word_1_25' title='bbox 1224 422 1317 466; x_wconf 83' lang='lat' dir='ltr'>fecit,</span> <span class='ocrx_word' id='word_1_26' title='bbox 1337 424 1373 456; x_wconf 91' lang='lat' dir='ltr'>et</span> <span class='ocrx_word' id='word_1_27' title='bbox 1393 421 1507 456; x_wconf 84' lang='lat' dir='ltr'>multa</span> <span class='ocrx_word' id='word_1_28' title='bbox 1526 420 1573 456; x_wconf 89' lang='lat' dir='ltr'>ibi</span> <span class='ocrx_word' id='word_1_29' title='bbox 1592 430 1668 455; x_wconf 85' lang='lat' dir='ltr'>ma-</span> 
     </span>
     <span class='ocr_line' id='line_1_5' title="bbox 496 481 1667 532; baseline -0.005 -11"><span class='ocrx_word' id='word_1_30' title='bbox 496 485 626 532; x_wconf 79' lang='lat' dir='ltr'>gnifice</span> <span class='ocrx_word' id='word_1_31' title='bbox 653 485 736 531; x_wconf 72' lang='lat' dir='ltr'>egit.</span> <span class='ocrx_word' id='word_1_32' title='bbox 766 485 814 519; x_wconf 74' lang='lat' dir='ltr'>Ex</span> <span class='ocrx_word' id='word_1_33' title='bbox 843 484 984 519; x_wconf 77' lang='lat' dir='ltr'><strong>Athone</strong></span> <span class='ocrx_word' id='word_1_34' title='bbox 1016 486 1122 518; x_wconf 85' lang='lat' dir='ltr'>natus</span> <span class='ocrx_word' id='word_1_35' title='bbox 1154 486 1207 518; x_wconf 90' lang='lat' dir='ltr'>est</span> <span class='ocrx_word' id='word_1_36' title='bbox 1242 481 1456 526; x_wconf 57' lang='lat' dir='ltr'>Thalamus,</span> <span class='ocrx_word' id='word_1_37' title='bbox 1489 481 1667 516; x_wconf 75' lang='lat' dir='ltr'>virtutum</span> 
     </span>
     <span class='ocr_line' id='line_1_6' title="bbox 498 541 1671 592; baseline -0.005 -11"><span class='ocrx_word' id='word_1_38' title='bbox 498 550 736 592; x_wconf 86' lang='lat' dir='ltr'>paternarum</span> <span class='ocrx_word' id='word_1_39' title='bbox 764 545 936 589; x_wconf 83' lang='lat' dir='ltr'>imitator,</span> <span class='ocrx_word' id='word_1_40' title='bbox 964 543 1023 579; x_wconf 89' lang='lat' dir='ltr'>cni</span> <span class='ocrx_word' id='word_1_41' title='bbox 1051 554 1142 589; x_wconf 83' lang='lat' dir='ltr'>papa</span> <span class='ocrx_word' id='word_1_42' title='bbox 1170 542 1346 578; x_wconf 78' lang='lat' dir='ltr'>concessit</span> <span class='ocrx_word' id='word_1_43' title='bbox 1372 541 1556 577; x_wconf 74' lang='lat' dir='ltr'>civitatem</span> <span class='ocrx_word' id='word_1_44' title='bbox 1583 541 1671 576; x_wconf 86' lang='lat' dir='ltr'>Fer-</span> 
     </span>
     <span class='ocr_line' id='line_1_7' title="bbox 500 601 1670 649; baseline -0.004 -8"><span class='ocrx_word' id='word_1_45' title='bbox 500 606 618 641; x_wconf 73' lang='lat' dir='ltr'>rariae.</span> <span class='ocrx_word' id='word_1_46' title='bbox 646 606 699 640; x_wconf 79' lang='lat' dir='ltr'>Ex</span> <span class='ocrx_word' id='word_1_47' title='bbox 726 605 906 640; x_wconf 84' lang='lat' dir='ltr'>Tliedaldo</span> <span class='ocrx_word' id='word_1_48' title='bbox 925 607 1049 640; x_wconf 84' lang='lat' dir='ltr'>autem</span> <span class='ocrx_word' id='word_1_49' title='bbox 1073 607 1179 639; x_wconf 82' lang='lat' dir='ltr'>natus</span> <span class='ocrx_word' id='word_1_50' title='bbox 1201 606 1254 638; x_wconf 84' lang='lat' dir='ltr'>est</span> <span class='ocrx_word' id='word_1_51' title='bbox 1273 603 1428 649; x_wconf 65' lang='lat' dir='ltr'>inclytus</span> <span class='ocrx_word' id='word_1_52' title='bbox 1454 601 1670 646; x_wconf 67' lang='lat' dir='ltr'>Bonifacffls,</span> 
     </span>
     <span class='ocr_line' id='line_1_8' title="bbox 499 661 1672 711; baseline -0.003 -11"><span class='ocrx_word' id='word_1_53' title='bbox 499 665 558 701; x_wconf 89' lang='lat' dir='ltr'>cui</span> <span class='ocrx_word' id='word_1_54' title='bbox 585 668 687 711; x_wconf 87' lang='lat' dir='ltr'>pater</span> <span class='ocrx_word' id='word_1_55' title='bbox 715 664 859 709; x_wconf 89' lang='lat' dir='ltr'>reliquit</span> <span class='ocrx_word' id='word_1_56' title='bbox 887 665 1101 699; x_wconf 85' lang='lat' dir='ltr'>thesaurum</span> <span class='ocrx_word' id='word_1_57' title='bbox 1121 667 1157 698; x_wconf 89' lang='lat' dir='ltr'>et</span> <span class='ocrx_word' id='word_1_58' title='bbox 1175 662 1379 698; x_wconf 83' lang='lat' dir='ltr'>dominium</span> <span class='ocrx_word' id='word_1_59' title='bbox 1398 672 1587 708; x_wconf 84' lang='lat' dir='ltr'>magnum.</span> <span class='ocrx_word' id='word_1_60' title='bbox 1607 661 1672 696; x_wconf 89' lang='lat' dir='ltr'>Hic</span> 
     </span>
     <span class='ocr_line' id='line_1_9' title="bbox 499 723 1672 769; baseline -0.004 -8"><span class='ocrx_word' id='word_1_61' title='bbox 499 725 703 761; x_wconf 85' lang='lat' dir='ltr'>Bonifacius</span> <span class='ocrx_word' id='word_1_62' title='bbox 734 724 864 760; x_wconf 84' lang='lat' dir='ltr'>claruit</span> <span class='ocrx_word' id='word_1_63' title='bbox 897 724 1038 769; x_wconf 78' lang='lat' dir='ltr'>magnis</span> <span class='ocrx_word' id='word_1_64' title='bbox 1073 723 1280 767; x_wconf 66' lang='lat' dir='ltr'>virtutibus,</span> <span class='ocrx_word' id='word_1_65' title='bbox 1314 723 1370 758; x_wconf 76' lang='lat' dir='ltr'>vir</span> <span class='ocrx_word' id='word_1_66' title='bbox 1404 726 1586 766; x_wconf 85' lang='lat' dir='ltr'>strenuus,</span> <span class='ocrx_word' id='word_1_67' title='bbox 1615 732 1672 756; x_wconf 83' lang='lat' dir='ltr'>sa-</span> 
     </span>
     <span class='ocr_line' id='line_1_10' title="bbox 500 781 1673 831; baseline -0.003 -11"><span class='ocrx_word' id='word_1_68' title='bbox 500 786 610 831; x_wconf 67' lang='lat' dir='ltr'>piem,</span> <span class='ocrx_word' id='word_1_69' title='bbox 638 785 673 819; x_wconf 93' lang='lat' dir='ltr'>in</span> <span class='ocrx_word' id='word_1_70' title='bbox 701 784 870 819; x_wconf 87' lang='lat' dir='ltr'>omnibns</span> <span class='ocrx_word' id='word_1_71' title='bbox 897 783 1069 828; x_wconf 68' lang='lat' dir='ltr'>providus</span> <span class='ocrx_word' id='word_1_72' title='bbox 1097 787 1131 818; x_wconf 86' lang='lat' dir='ltr'>et</span> <span class='ocrx_word' id='word_1_73' title='bbox 1158 783 1331 828; x_wconf 80' lang='lat' dir='ltr'>liberalis3</span> <span class='ocrx_word' id='word_1_74' title='bbox 1355 783 1416 828; x_wconf 86' lang='lat' dir='ltr'>qni</span> <span class='ocrx_word' id='word_1_75' title='bbox 1439 792 1484 818; x_wconf 75' lang='lat' dir='ltr'>ex</span> <span class='ocrx_word' id='word_1_76' title='bbox 1508 781 1673 817; x_wconf 86' lang='lat' dir='ltr'>Beatrice</span> 
     </span>
     <span class='ocr_line' id='line_1_11' title="bbox 500 843 1673 889; baseline -0.004 -9"><span class='ocrx_word' id='word_1_77' title='bbox 500 856 617 881; x_wconf 81' lang='lat' dir='ltr'>uxore</span> <span class='ocrx_word' id='word_1_78' title='bbox 650 844 864 889; x_wconf 78' lang='lat' dir='ltr'>probissima</span> <span class='ocrx_word' id='word_1_79' title='bbox 901 843 1027 889; x_wconf 80' lang='lat' dir='ltr'>genuit</span> <span class='ocrx_word' id='word_1_80' title='bbox 1062 843 1270 888; x_wconf 71' lang='lat' dir='ltr'>Mathildim,</span> <span class='ocrx_word' id='word_1_81' title='bbox 1307 846 1342 877; x_wconf 91' lang='lat' dir='ltr'>et</span> <span class='ocrx_word' id='word_1_82' title='bbox 1376 845 1545 877; x_wconf 89' lang='lat' dir='ltr'>mortuus</span> <span class='ocrx_word' id='word_1_83' title='bbox 1576 851 1673 876; x_wconf 88' lang='lat' dir='ltr'>anno</span> 
     </span>
     <span class='ocr_line' id='line_1_12' title="bbox 499 901 1673 948; baseline -0.004 -8"><span class='ocrx_word' id='word_1_84' title='bbox 499 904 640 941; x_wconf 84' lang='lat' dir='ltr'>Domini</span> <span class='ocrx_word' id='word_1_85' title='bbox 668 903 770 947; x_wconf 80' lang='lat' dir='ltr'>MLII⁷</span> <span class='ocrx_word' id='word_1_86' title='bbox 798 904 961 948; x_wconf 86' lang='lat' dir='ltr'>sepultus</span> <span class='ocrx_word' id='word_1_87' title='bbox 992 906 1045 939; x_wconf 89' lang='lat' dir='ltr'>est</span> <span class='ocrx_word' id='word_1_88' title='bbox 1077 904 1243 938; x_wconf 77' lang='lat' dir='ltr'>Mantuae.</span> <span class='ocrx_word' id='word_1_89' title='bbox 1279 903 1362 937; x_wconf 84' lang='lat' dir='ltr'>Post</span> <span class='ocrx_word' id='word_1_90' title='bbox 1395 912 1505 947; x_wconf 88' lang='lat' dir='ltr'>quem</span> <span class='ocrx_word' id='word_1_91' title='bbox 1539 901 1673 936; x_wconf 88' lang='lat' dir='ltr'>coniux</span> 
     </span>
     <span class='ocr_line' id='line_1_13' title="bbox 501 962 1673 1010; baseline -0.003 -10"><span class='ocrx_word' id='word_1_92' title='bbox 501 966 579 1001; x_wconf 89' lang='lat' dir='ltr'>eius</span> <span class='ocrx_word' id='word_1_93' title='bbox 598 964 744 1010; x_wconf 82' lang='lat' dir='ltr'>egregia</span> <span class='ocrx_word' id='word_1_94' title='bbox 765 963 947 999; x_wconf 86' lang='lat' dir='ltr'>comitissa</span> <span class='ocrx_word' id='word_1_95' title='bbox 963 963 1108 999; x_wconf 84' lang='lat' dir='ltr'>Beatrix</span> <span class='ocrx_word' id='word_1_96' title='bbox 1126 963 1213 998; x_wconf 81' lang='lat' dir='ltr'>vixit</span> <span class='ocrx_word' id='word_1_97' title='bbox 1232 963 1336 998; x_wconf 87' lang='lat' dir='ltr'>annis</span> <span class='ocrx_word' id='word_1_98' title='bbox 1354 962 1479 1009; x_wconf 63' lang='lat' dir='ltr'>viginti</span> <span class='ocrx_word' id='word_1_99' title='bbox 1499 962 1673 1008; x_wconf 76' lang='lat' dir='ltr'>quinque,</span> 
     </span>
     <span class='ocr_line' id='line_1_14' title="bbox 501 1021 1674 1069; baseline -0.003 -9"><span class='ocrx_word' id='word_1_100' title='bbox 501 1028 537 1061; x_wconf 89' lang='lat' dir='ltr'>et</span> <span class='ocrx_word' id='word_1_101' title='bbox 564 1027 710 1059; x_wconf 83' lang='lat' dir='ltr'>mortua</span> <span class='ocrx_word' id='word_1_102' title='bbox 733 1024 831 1069; x_wconf 76' lang='lat' dir='ltr'>Jacet</span> <span class='ocrx_word' id='word_1_103' title='bbox 858 1023 955 1058; x_wconf 82' lang='lat' dir='ltr'>Pisis.</span> <span class='ocrx_word' id='word_1_104' title='bbox 984 1023 1159 1058; x_wconf 78' lang='lat' dir='ltr'>Matliildis</span> <span class='ocrx_word' id='word_1_105' title='bbox 1177 1026 1302 1058; x_wconf 81' lang='lat' dir='ltr'>autem</span> <span class='ocrx_word' id='word_1_106' title='bbox 1323 1022 1471 1057; x_wconf 87' lang='lat' dir='ltr'>illustris</span> <span class='ocrx_word' id='word_1_107' title='bbox 1492 1021 1674 1058; x_wconf 86' lang='lat' dir='ltr'>comitissa</span> 
     </span>
     <span class='ocr_line' id='line_1_15' title="bbox 502 1082 1674 1128; baseline -0.004 -8"><span class='ocrx_word' id='word_1_108' title='bbox 502 1083 699 1120; x_wconf 77' lang='lat' dir='ltr'>succedens</span> <span class='ocrx_word' id='word_1_109' title='bbox 726 1083 948 1128; x_wconf 76' lang='lat' dir='ltr'>parentibus,</span> <span class='ocrx_word' id='word_1_110' title='bbox 977 1083 1141 1119; x_wconf 89' lang='lat' dir='ltr'>omnium</span> <span class='ocrx_word' id='word_1_111' title='bbox 1171 1083 1354 1118; x_wconf 85' lang='lat' dir='ltr'>maiorum</span> <span class='ocrx_word' id='word_1_112' title='bbox 1382 1082 1584 1117; x_wconf 73' lang='lat' dir='ltr'>claritatem</span> <span class='ocrx_word' id='word_1_113' title='bbox 1611 1092 1674 1116; x_wconf 88' lang='lat' dir='ltr'>su-</span> 
     </span>
     <span class='ocr_line' id='line_1_16' title="bbox 501 1142 1675 1190; baseline -0.003 -10"><span class='ocrx_word' id='word_1_114' title='bbox 501 1154 642 1190; x_wconf 83' lang='lat' dir='ltr'>perans,</span> <span class='ocrx_word' id='word_1_115' title='bbox 658 1144 694 1178; x_wconf 85' lang='lat' dir='ltr'>in</span> <span class='ocrx_word' id='word_1_116' title='bbox 713 1143 869 1179; x_wconf 84' lang='lat' dir='ltr'>femineo</span> <span class='ocrx_word' id='word_1_117' title='bbox 889 1154 980 1179; x_wconf 81' lang='lat' dir='ltr'>sexu</span> <span class='ocrx_word' id='word_1_118' title='bbox 1003 1144 1156 1179; x_wconf 67' lang='lat' dir='ltr'>virtutes</span> <span class='ocrx_word' id='word_1_119' title='bbox 1180 1147 1216 1178; x_wconf 88' lang='lat' dir='ltr'>ct</span> <span class='ocrx_word' id='word_1_120' title='bbox 1239 1153 1361 1178; x_wconf 88' lang='lat' dir='ltr'>mores</span> <span class='ocrx_word' id='word_1_121' title='bbox 1388 1142 1507 1177; x_wconf 72' lang='lat' dir='ltr'>viriles</span> <span class='ocrx_word' id='word_1_122' title='bbox 1530 1151 1675 1188; x_wconf 77' lang='lat' dir='ltr'>gerens,</span> 
     </span>
     <span class='ocr_line' id='line_1_17' title="bbox 503 1202 1675 1249; baseline -0.003 -10"><span class='ocrx_word' id='word_1_123' title='bbox 503 1204 595 1240; x_wconf 82' lang='lat' dir='ltr'>sacta</span> <span class='ocrx_word' id='word_1_124' title='bbox 624 1207 677 1239; x_wconf 82' lang='lat' dir='ltr'>est</span> <span class='ocrx_word' id='word_1_125' title='bbox 704 1203 943 1238; x_wconf 81' lang='lat' dir='ltr'>famosissima</span> <span class='ocrx_word' id='word_1_126' title='bbox 972 1204 1094 1239; x_wconf 89' lang='lat' dir='ltr'>multis</span> <span class='ocrx_word' id='word_1_127' title='bbox 1113 1204 1148 1238; x_wconf 94' lang='lat' dir='ltr'>in</span> <span class='ocrx_word' id='word_1_128' title='bbox 1168 1203 1288 1249; x_wconf 80' lang='lat' dir='ltr'>regnis</span> <span class='ocrx_word' id='word_1_129' title='bbox 1306 1203 1401 1249; x_wconf 87' lang='lat' dir='ltr'>apud</span> <span class='ocrx_word' id='word_1_130' title='bbox 1424 1203 1557 1238; x_wconf 87' lang='lat' dir='ltr'>multos</span> <span class='ocrx_word' id='word_1_131' title='bbox 1575 1202 1675 1248; x_wconf 91' lang='lat' dir='ltr'>prin-</span> 
     </span>
     <span class='ocr_line' id='line_1_18' title="bbox 504 1263 1675 1310; baseline -0.002 -10"><span class='ocrx_word' id='word_1_132' title='bbox 504 1264 610 1310; x_wconf 74' lang='lat' dir='ltr'>cipes,</span> <span class='ocrx_word' id='word_1_133' title='bbox 639 1264 732 1299; x_wconf 89' lang='lat' dir='ltr'>inter</span> <span class='ocrx_word' id='word_1_134' title='bbox 760 1274 852 1308; x_wconf 84' lang='lat' dir='ltr'>quos</span> <span class='ocrx_word' id='word_1_135' title='bbox 879 1263 1027 1309; x_wconf 88' lang='lat' dir='ltr'>quidam</span> <span class='ocrx_word' id='word_1_136' title='bbox 1055 1263 1149 1298; x_wconf 86' lang='lat' dir='ltr'>illius</span> <span class='ocrx_word' id='word_1_137' title='bbox 1176 1263 1319 1309; x_wconf 76' lang='lat' dir='ltr'>nuptias</span> <span class='ocrx_word' id='word_1_138' title='bbox 1353 1263 1571 1309; x_wconf 71' lang='lat' dir='ltr'>petiverunt.</span> <span class='ocrx_word' id='word_1_139' title='bbox 1600 1263 1675 1298; x_wconf 87' lang='lat' dir='ltr'>Ma—</span> 
     </span>
     <span class='ocr_line' id='line_1_19' title="bbox 503 1323 1675 1370; baseline -0.001 -11"><span class='ocrx_word' id='word_1_140' title='bbox 503 1324 619 1359; x_wconf 76' lang='lat' dir='ltr'>thildis</span> <span class='ocrx_word' id='word_1_141' title='bbox 658 1327 783 1359; x_wconf 87' lang='lat' dir='ltr'>autem</span> <span class='ocrx_word' id='word_1_142' title='bbox 825 1323 1058 1370; x_wconf 77' lang='lat' dir='ltr'>magnanima</span> <span class='ocrx_word' id='word_1_143' title='bbox 1102 1327 1258 1359; x_wconf 86' lang='lat' dir='ltr'>matrem</span> <span class='ocrx_word' id='word_1_144' title='bbox 1300 1323 1490 1359; x_wconf 84' lang='lat' dir='ltr'>ecclesiam</span> <span class='ocrx_word' id='word_1_145' title='bbox 1530 1332 1675 1368; x_wconf 86' lang='lat' dir='ltr'>semper</span> 
     </span>
     <span class='ocr_line' id='line_1_20' title="bbox 503 1383 1675 1429; baseline -0.001 -10"><span class='ocrx_word' id='word_1_146' title='bbox 503 1384 679 1419; x_wconf 87' lang='lat' dir='ltr'>indefesse</span> <span class='ocrx_word' id='word_1_147' title='bbox 705 1383 862 1419; x_wconf 77' lang='lat' dir='ltr'>defendit</span> <span class='ocrx_word' id='word_1_148' title='bbox 889 1387 1014 1419; x_wconf 75' lang='lat' dir='ltr'>contra</span> <span class='ocrx_word' id='word_1_149' title='bbox 1038 1383 1235 1419; x_wconf 84' lang='lat' dir='ltr'>Henricum</span> <span class='ocrx_word' id='word_1_150' title='bbox 1255 1383 1310 1428; x_wconf 69' lang='lat' dir='ltr'>lv,</span> <span class='ocrx_word' id='word_1_151' title='bbox 1338 1383 1399 1428; x_wconf 82' lang='lat' dir='ltr'>qni</span> <span class='ocrx_word' id='word_1_152' title='bbox 1428 1383 1536 1429; x_wconf 88' lang='lat' dir='ltr'>impie</span> <span class='ocrx_word' id='word_1_153' title='bbox 1563 1393 1675 1418; x_wconf 85' lang='lat' dir='ltr'>vexa—</span> 
     </span>
     <span class='ocr_line' id='line_1_21' title="bbox 502 1442 1674 1489; baseline -0.002 -10"><span class='ocrx_word' id='word_1_154' title='bbox 502 1444 551 1479; x_wconf 64' lang='lat' dir='ltr'>vit</span> <span class='ocrx_word' id='word_1_155' title='bbox 578 1453 720 1489; x_wconf 76' lang='lat' dir='ltr'>papam,</span> <span class='ocrx_word' id='word_1_156' title='bbox 749 1447 785 1478; x_wconf 90' lang='lat' dir='ltr'>et</span> <span class='ocrx_word' id='word_1_157' title='bbox 812 1443 966 1478; x_wconf 78' lang='lat' dir='ltr'>schisma</span> <span class='ocrx_word' id='word_1_158' title='bbox 994 1443 1193 1488; x_wconf 87' lang='lat' dir='ltr'>pessimum</span> <span class='ocrx_word' id='word_1_159' title='bbox 1227 1443 1320 1488; x_wconf 81' lang='lat' dir='ltr'>fecit,</span> <span class='ocrx_word' id='word_1_160' title='bbox 1353 1447 1477 1478; x_wconf 86' lang='lat' dir='ltr'>creato</span> <span class='ocrx_word' id='word_1_161' title='bbox 1517 1442 1674 1488; x_wconf 82' lang='lat' dir='ltr'>quodam</span> 
     </span>
     <span class='ocr_line' id='line_1_22' title="bbox 501 1499 1676 1549; baseline -0.002 -10"><span class='ocrx_word' id='word_1_162' title='bbox 501 1504 669 1549; x_wconf 81' lang='lat' dir='ltr'>antipapa</span> <span class='ocrx_word' id='word_1_163' title='bbox 688 1503 863 1538; x_wconf 85' lang='lat' dir='ltr'>Guiberto</span> <span class='ocrx_word' id='word_1_164' title='bbox 879 1499 928 1547; x_wconf 58' lang='lat' dir='ltr'>U),</span> <span class='ocrx_word' id='word_1_165' title='bbox 948 1503 1045 1548; x_wconf 87' lang='lat' dir='ltr'>quod</span> <span class='ocrx_word' id='word_1_166' title='bbox 1065 1503 1211 1538; x_wconf 65' lang='lat' dir='ltr'>duravit</span> <span class='ocrx_word' id='word_1_167' title='bbox 1233 1503 1356 1549; x_wconf 74' lang='lat' dir='ltr'>viginti</span> <span class='ocrx_word' id='word_1_168' title='bbox 1377 1506 1537 1548; x_wconf 85' lang='lat' dir='ltr'>quatuor</span> <span class='ocrx_word' id='word_1_169' title='bbox 1556 1502 1676 1547; x_wconf 79' lang='lat' dir='ltr'>annis3</span> 
     </span>
     <span class='ocr_line' id='line_1_23' title="bbox 502 1562 1678 1608; baseline -0.001 -10"><span class='ocrx_word' id='word_1_170' title='bbox 502 1574 568 1599; x_wconf 90' lang='lat' dir='ltr'>nec</span> <span class='ocrx_word' id='word_1_171' title='bbox 603 1573 701 1597; x_wconf 90' lang='lat' dir='ltr'>mors</span> <span class='ocrx_word' id='word_1_172' title='bbox 737 1562 998 1608; x_wconf 74' lang='lat' dir='ltr'>superveniens</span> <span class='ocrx_word' id='word_1_173' title='bbox 1033 1562 1148 1607; x_wconf 79' lang='lat' dir='ltr'>ipsum</span> <span class='ocrx_word' id='word_1_174' title='bbox 1186 1563 1301 1607; x_wconf 87' lang='lat' dir='ltr'>potuit</span> <span class='ocrx_word' id='word_1_175' title='bbox 1334 1574 1355 1597; x_wconf 84' lang='lat' dir='ltr'>a</span> <span class='ocrx_word' id='word_1_176' title='bbox 1388 1563 1535 1608; x_wconf 85' lang='lat' dir='ltr'>perfidia</span> <span class='ocrx_word' id='word_1_177' title='bbox 1570 1572 1678 1598; x_wconf 85' lang='lat' dir='ltr'>revo-</span> 
     </span>
     <span class='ocr_line' id='line_1_24' title="bbox 501 1622 1677 1668; baseline -0.002 -10"><span class='ocrx_word' id='word_1_178' title='bbox 501 1633 596 1659; x_wconf 86' lang='lat' dir='ltr'>care.</span> <span class='ocrx_word' id='word_1_179' title='bbox 633 1623 785 1668; x_wconf 80' lang='lat' dir='ltr'>Propter</span> <span class='ocrx_word' id='word_1_180' title='bbox 824 1622 921 1666; x_wconf 85' lang='lat' dir='ltr'>quod</span> <span class='ocrx_word' id='word_1_181' title='bbox 960 1622 1136 1657; x_wconf 78' lang='lat' dir='ltr'>Mathildis</span> <span class='ocrx_word' id='word_1_182' title='bbox 1169 1622 1310 1668; x_wconf 81' lang='lat' dir='ltr'>magnis</span> <span class='ocrx_word' id='word_1_183' title='bbox 1342 1622 1511 1657; x_wconf 67' lang='lat' dir='ltr'>{luctibus</span> <span class='ocrx_word' id='word_1_184' title='bbox 1543 1622 1677 1668; x_wconf 85' lang='lat' dir='ltr'>agitata</span> 
     </span>
     <span class='ocr_line' id='line_1_25' title="bbox 501 1682 1677 1728; baseline -0.001 -11"><span class='ocrx_word' id='word_1_185' title='bbox 501 1683 666 1718; x_wconf 85' lang='lat' dir='ltr'>animum</span> <span class='ocrx_word' id='word_1_186' title='bbox 694 1692 839 1728; x_wconf 85' lang='lat' dir='ltr'>semper</span> <span class='ocrx_word' id='word_1_187' title='bbox 868 1682 982 1717; x_wconf 88' lang='lat' dir='ltr'>tenuit</span> <span class='ocrx_word' id='word_1_188' title='bbox 1008 1682 1278 1717; x_wconf 88' lang='lat' dir='ltr'>inconcussum.</span> <span class='ocrx_word' id='word_1_189' title='bbox 1300 1682 1349 1717; x_wconf 88' lang='lat' dir='ltr'>Eo</span> <span class='ocrx_word' id='word_1_190' title='bbox 1377 1682 1554 1727; x_wconf 87' lang='lat' dir='ltr'>siqnidem</span> <span class='ocrx_word' id='word_1_191' title='bbox 1584 1685 1677 1717; x_wconf 89' lang='lat' dir='ltr'>tem—</span> 
     </span>
     <span class='ocr_line' id='line_1_26' title="bbox 502 1741 1677 1788; baseline -0.001 -11"><span class='ocrx_word' id='word_1_192' title='bbox 502 1752 591 1788; x_wconf 91' lang='lat' dir='ltr'>pore</span> <span class='ocrx_word' id='word_1_193' title='bbox 617 1742 761 1777; x_wconf 80' lang='lat' dir='ltr'>Mantua</span> <span class='ocrx_word' id='word_1_194' title='bbox 790 1742 916 1777; x_wconf 87' lang='lat' dir='ltr'>nobilis</span> <span class='ocrx_word' id='word_1_195' title='bbox 951 1745 985 1777; x_wconf 87' lang='lat' dir='ltr'>et</span> <span class='ocrx_word' id='word_1_196' title='bbox 1019 1745 1146 1787; x_wconf 89' lang='lat' dir='ltr'>potens</span> <span class='ocrx_word' id='word_1_197' title='bbox 1179 1741 1304 1776; x_wconf 62' lang='lat' dir='ltr'>civitas</span> <span class='ocrx_word' id='word_1_198' title='bbox 1340 1741 1431 1777; x_wconf 81' lang='lat' dir='ltr'>sacta</span> <span class='ocrx_word' id='word_1_199' title='bbox 1466 1741 1530 1776; x_wconf 88' lang='lat' dir='ltr'>sibi</span> <span class='ocrx_word' id='word_1_200' title='bbox 1559 1741 1677 1777; x_wconf 88' lang='lat' dir='ltr'>rebel-</span> 
     </span>
     <span class='ocr_line' id='line_1_27' title="bbox 504 1798 1676 1847; baseline -0.002 -10"><span class='ocrx_word' id='word_1_201' title='bbox 504 1802 556 1847; x_wconf 78' lang='lat' dir='ltr'>lis,</span> <span class='ocrx_word' id='word_1_202' title='bbox 584 1812 622 1837; x_wconf 91' lang='lat' dir='ltr'>se</span> <span class='ocrx_word' id='word_1_203' title='bbox 639 1798 673 1846; x_wconf 61' lang='lat'>(⁶²)</span> <span class='ocrx_word' id='word_1_204' title='bbox 702 1802 799 1837; x_wconf 87' lang='lat' dir='ltr'>dedit</span> <span class='ocrx_word' id='word_1_205' title='bbox 826 1801 1060 1847; x_wconf 82' lang='lat' dir='ltr'>imperatori3</span> <span class='ocrx_word' id='word_1_206' title='bbox 1095 1805 1131 1837; x_wconf 91' lang='lat' dir='ltr'>et</span> <span class='ocrx_word' id='word_1_207' title='bbox 1159 1801 1221 1836; x_wconf 88' lang='lat' dir='ltr'>din</span> <span class='ocrx_word' id='word_1_208' title='bbox 1249 1802 1283 1836; x_wconf 93' lang='lat' dir='ltr'>in</span> <span class='ocrx_word' id='word_1_209' title='bbox 1311 1801 1541 1837; x_wconf 84' lang='lat' dir='ltr'>contumacia</span> <span class='ocrx_word' id='word_1_210' title='bbox 1569 1801 1676 1836; x_wconf 88' lang='lat' dir='ltr'>stetit.</span> 
     </span>
     <span class='ocr_line' id='line_1_28' title="bbox 504 1857 1677 1908; baseline 0 -11"><span class='ocrx_word' id='word_1_211' title='bbox 504 1862 672 1898; x_wconf 84' lang='lat' dir='ltr'>Ferraria</span> <span class='ocrx_word' id='word_1_212' title='bbox 700 1862 808 1897; x_wconf 82' lang='lat' dir='ltr'>etiam</span> <span class='ocrx_word' id='word_1_213' title='bbox 836 1862 976 1906; x_wconf 78' lang='lat' dir='ltr'>defecit7</span> <span class='ocrx_word' id='word_1_214' title='bbox 1005 1862 1066 1897; x_wconf 89' lang='lat' dir='ltr'>sed</span> <span class='ocrx_word' id='word_1_215' title='bbox 1094 1862 1163 1897; x_wconf 86' lang='lat' dir='ltr'>cito</span> <span class='ocrx_word' id='word_1_216' title='bbox 1179 1857 1214 1906; x_wconf 45' lang='grc' dir='ltr'>ῤ’)</span> <span class='ocrx_word' id='word_1_217' title='bbox 1246 1862 1359 1897; x_wconf 86' lang='lat' dir='ltr'>rediit.</span> <span class='ocrx_word' id='word_1_218' title='bbox 1389 1863 1431 1897; x_wconf 87' lang='lat' dir='ltr'>Et</span> <span class='ocrx_word' id='word_1_219' title='bbox 1457 1866 1535 1908; x_wconf 89' lang='lat' dir='ltr'>post</span> <span class='ocrx_word' id='word_1_220' title='bbox 1562 1862 1677 1897; x_wconf 86' lang='lat' dir='ltr'>multa</span> 
     </span>
     <span class='ocr_line' id='line_1_29' title="bbox 504 1921 1677 1968; baseline -0.001 -11"><span class='ocrx_word' id='word_1_221' title='bbox 504 1925 605 1968; x_wconf 81' lang='lat' dir='ltr'>gesta</span> <span class='ocrx_word' id='word_1_222' title='bbox 642 1921 769 1957; x_wconf 81' lang='lat' dir='ltr'>victrix</span> <span class='ocrx_word' id='word_1_223' title='bbox 810 1922 991 1957; x_wconf 88' lang='lat' dir='ltr'>comitissa</span> <span class='ocrx_word' id='word_1_224' title='bbox 1034 1921 1178 1957; x_wconf 86' lang='lat' dir='ltr'>tandem</span> <span class='ocrx_word' id='word_1_225' title='bbox 1219 1922 1403 1957; x_wconf 84' lang='lat' dir='ltr'>Mantuam</span> <span class='ocrx_word' id='word_1_226' title='bbox 1441 1925 1520 1968; x_wconf 89' lang='lat' dir='ltr'>post</span> <span class='ocrx_word' id='word_1_227' title='bbox 1553 1921 1677 1968; x_wconf 77' lang='lat' dir='ltr'>viginti</span> 
     </span>
     <span class='ocr_line' id='line_1_30' title="bbox 505 1981 1676 2027; baseline 0 -11"><span class='ocrx_word' id='word_1_228' title='bbox 505 1985 664 2026; x_wconf 86' lang='lat' dir='ltr'>quatuor</span> <span class='ocrx_word' id='word_1_229' title='bbox 691 1992 806 2016; x_wconf 84' lang='lat' dir='ltr'>annos</span> <span class='ocrx_word' id='word_1_230' title='bbox 834 1981 974 2027; x_wconf 84' lang='lat' dir='ltr'>magnis</span> <span class='ocrx_word' id='word_1_231' title='bbox 1008 1981 1145 2016; x_wconf 57' lang='lat' dir='ltr'>viribus</span> <span class='ocrx_word' id='word_1_232' title='bbox 1180 1981 1322 2017; x_wconf 77' lang='lat' dir='ltr'>reduxit</span> <span class='ocrx_word' id='word_1_233' title='bbox 1354 1982 1400 2017; x_wconf 83' lang='lat' dir='ltr'>ad</span> <span class='ocrx_word' id='word_1_234' title='bbox 1433 1981 1676 2017; x_wconf 86' lang='lat' dir='ltr'>obedientiam</span> 
     </span>
     <span class='ocr_line' id='line_1_31' title="bbox 505 2041 1679 2088; baseline 0.001 -13"><span class='ocrx_word' id='word_1_235' title='bbox 505 2052 621 2076; x_wconf 86' lang='lat' dir='ltr'>suam.</span> <span class='ocrx_word' id='word_1_236' title='bbox 657 2042 755 2077; x_wconf 87' lang='lat' dir='ltr'>Licet</span> <span class='ocrx_word' id='word_1_237' title='bbox 791 2046 917 2077; x_wconf 86' lang='lat' dir='ltr'>autem</span> <span class='ocrx_word' id='word_1_238' title='bbox 954 2041 1128 2077; x_wconf 83' lang='lat' dir='ltr'>Matliildis</span> <span class='ocrx_word' id='word_1_239' title='bbox 1162 2042 1270 2077; x_wconf 70' lang='lat' dir='ltr'>relius</span> <span class='ocrx_word' id='word_1_240' title='bbox 1311 2041 1446 2077; x_wconf 84' lang='lat' dir='ltr'>bellicis</span> <span class='ocrx_word' id='word_1_241' title='bbox 1488 2041 1679 2088; x_wconf 84' lang='lat' dir='ltr'>magnifice</span> 
     </span>
     <span class='ocr_line' id='line_1_32' title="bbox 506 2101 1680 2148; baseline 0.001 -12"><span class='ocrx_word' id='word_1_242' title='bbox 506 2101 720 2146; x_wconf 81' lang='lat' dir='ltr'>intenderet,</span> <span class='ocrx_word' id='word_1_243' title='bbox 742 2102 881 2148; x_wconf 83' lang='lat' dir='ltr'>magnis</span> <span class='ocrx_word' id='word_1_244' title='bbox 901 2105 1024 2138; x_wconf 83' lang='lat' dir='ltr'>tamen</span> <span class='ocrx_word' id='word_1_245' title='bbox 1046 2101 1228 2147; x_wconf 82' lang='lat' dir='ltr'>obsequiis</span> <span class='ocrx_word' id='word_1_246' title='bbox 1249 2101 1431 2147; x_wconf 81' lang='lat' dir='ltr'>religionis</span> <span class='ocrx_word' id='word_1_247' title='bbox 1459 2104 1494 2136; x_wconf 89' lang='lat' dir='ltr'>et</span> <span class='ocrx_word' id='word_1_248' title='bbox 1522 2101 1601 2137; x_wconf 86' lang='lat' dir='ltr'>fidei</span> <span class='ocrx_word' id='word_1_249' title='bbox 1622 2101 1680 2147; x_wconf 91' lang='lat' dir='ltr'>pie</span> 
     </span>
     <span class='ocr_line' id='line_1_33' title="bbox 506 2161 1679 2207; baseline 0.001 -11"><span class='ocrx_word' id='word_1_250' title='bbox 506 2161 670 2206; x_wconf 77' lang='lat' dir='ltr'>vacabat,</span> <span class='ocrx_word' id='word_1_251' title='bbox 700 2162 813 2196; x_wconf 88' lang='lat' dir='ltr'>multa</span> <span class='ocrx_word' id='word_1_252' title='bbox 847 2162 984 2197; x_wconf 87' lang='lat' dir='ltr'>donans</span> <span class='ocrx_word' id='word_1_253' title='bbox 1019 2161 1258 2207; x_wconf 76' lang='lat' dir='ltr'>pauperihus3</span> <span class='ocrx_word' id='word_1_254' title='bbox 1295 2161 1515 2196; x_wconf 84' lang='lat' dir='ltr'>monasteria</span> <span class='ocrx_word' id='word_1_255' title='bbox 1548 2161 1679 2197; x_wconf 83' lang='lat' dir='ltr'>nobilia</span> 
     </span>
    </p>
   </div>
   <div class='ocr_carea' id='block_1_3' title="bbox 509 2240 1671 2254">
    <p class='ocr_par' dir='ltr' id='par_1_3' title="bbox 509 2240 1671 2254">
     <span class='ocr_line' id='line_1_34' title="bbox 509 2240 1671 2254; baseline 0 0"><span class='ocrx_word' id='word_1_256' title='bbox 509 2240 1671 2254; x_wconf 95' lang='lat' dir='ltr'> </span> 
     </span>
    </p>
   </div>
   <div class='ocr_carea' id='block_1_4' title="bbox 570 2292 1650 2321">
    <p class='ocr_par' dir='ltr' id='par_1_4' title="bbox 570 2292 1650 2321">
     <span class='ocr_line' id='line_1_35' title="bbox 570 2292 1650 2321; baseline 0.002 -7"><span class='ocrx_word' id='word_1_257' title='bbox 570 2292 595 2321; x_wconf 69' lang='lat'>(¹)</span> <span class='ocrx_word' id='word_1_258' title='bbox 614 2292 642 2314; x_wconf 78' lang='lat' dir='ltr'>E.</span> <span class='ocrx_word' id='word_1_259' title='bbox 660 2292 772 2315; x_wconf 70' lang='lat' dir='ltr'>(liborio.</span> <span class='ocrx_word' id='word_1_260' title='bbox 868 2292 893 2321; x_wconf 43' lang='grc' dir='ltr'>[ἢ</span> <span class='ocrx_word' id='word_1_261' title='bbox 913 2294 965 2320; x_wconf 77' lang='grc'>117,</span> <span class='ocrx_word' id='word_1_262' title='bbox 984 2299 1009 2315; x_wconf 84' lang='lat' dir='ltr'>se</span> <span class='ocrx_word' id='word_1_263' title='bbox 1028 2292 1144 2315; x_wconf 76' lang='lat' dir='ltr'>reddidn.</span> <span class='ocrx_word' id='word_1_264' title='bbox 1243 2292 1266 2321; x_wconf 42' lang='grc' dir='ltr'>ᾖ]</span> <span class='ocrx_word' id='word_1_265' title='bbox 1286 2295 1337 2320; x_wconf 80' lang='lat'><strong>1¹7,</strong></span> <span class='ocrx_word' id='word_1_266' title='bbox 1357 2293 1407 2316; x_wconf 82' lang='lat' dir='ltr'>cilo</span> <span class='ocrx_word' id='word_1_267' title='bbox 1425 2292 1455 2315; x_wconf 86' lang='lat' dir='ltr'>ad</span> <span class='ocrx_word' id='word_1_268' title='bbox 1473 2292 1549 2316; x_wconf 83' lang='lat' dir='ltr'>fidem</span> <span class='ocrx_word' id='word_1_269' title='bbox 1567 2292 1650 2316; x_wconf 82' lang='lat' dir='ltr'>rediit.</span> 
     </span>
    </p>
   </div>
  </div>
 </body>
</html>
