1737 2836
385 223 524 250 CANTUS
551 225 765 251 TmGEsmus
791 226 952 251 TERTIUS.
1179 221 1247 252 267

75 296 251 342 propbeta
277 295 440 341 deplorat
466 296 727 332 desolationem
755 300 864 333 terrae
890 300 1024 332 sanctae
1043 308 1154 343 quam
1182 299 1247 334 ha-

73 355 184 390 bituri
212 359 317 391 erant
333 352 380 400 (¹),
413 359 449 391 et
483 357 638 392 ostendit
664 357 848 402 quomodo
889 357 1010 392 iniusti
1043 360 1079 393 et
1115 357 1246 404 ingrati

73 415 313 451 subiiciantur
340 416 488 462 flagellis
515 417 716 451 hominum.
746 417 788 452 Et
820 421 873 452 est
906 417 1022 453 oratio
1055 417 1100 452 ad
1128 418 1245 453 Deum

73 475 171 520 quod
198 476 309 511 corda
340 479 529 511 convertat
560 486 581 511 a
619 477 725 512 malo.
758 477 886 523 Tangit
918 481 1042 512 autem
1080 478 1243 514 ordinem

72 545 147 580 quo
174 536 380 581 cantabant,
407 540 443 571 et
469 539 509 571 tu
536 536 662 572 ordina
690 537 740 572 sic
768 537 931 572 literam:
961 539 1005 572 Le
1031 539 1158 582 donne,
1178 538 1247 574 sci—

72 595 166 640 licet⁷
193 599 330 641 septem
359 596 530 642 virgines,
558 598 807 631 incomineiaro
839 607 857 631 e
887 598 1126 640 laym'mando,
1159 608 1247 644 sup-

72 655 141 701 ple,
179 656 340 691 clamare
374 656 499 692 dolore
534 659 777 701 extorquente
817 656 998 702 lacrymas
1034 660 1070 692 et
1104 657 1243 693 dicere:

72 716 168 750 dolce
191 717 403 760 psalmodia,
424 716 525 760 idest,
544 720 691 751 cantum
713 716 840 762 psalmi
862 716 1019 761 dulcem,
1043 716 1125 752 licet
1151 720 1245 752 esset

71 775 117 810 de
144 775 296 810 materia
325 786 462 811 amara.
484 776 649 811 Psalmus
675 780 799 812 autem
828 780 906 812 erat
933 777 1031 811 talis:
1060 779 1166 820 Deus,
1186 788 1243 811 ve-

72 839 199 869 nerunt
224 839 362 879 yenles;
390 839 425 871 et
453 837 528 870 vult
556 836 677 871 dicere
705 837 899 882 propheta:
932 847 954 871 o
981 837 1089 881 Deus,
1117 840 1244 880 gentes,

71 894 171 939 idest,
199 895 351 941 gentiles
379 895 434 930 vel
462 895 686 941 alienigenae,
706 895 798 930 sicut
825 896 910 941 syri,
930 896 1086 942 aegyptii,
1114 895 1244 931 arabes

70 959 253 990 venerunt
280 955 314 989 in
347 955 594 990 haereditatem
634 958 746 999 tuam,
784 955 884 1000 idest,
921 956 955 990 in
993 959 1129 991 terram
1163 966 1245 990 san—

71 1017 166 1050 ctam
195 1018 274 1059 etc.‚
303 1018 337 1050 et
370 1015 417 1050 ita
445 1026 465 1050 a
493 1015 596 1049 simili
626 1015 701 1049 istae
727 1015 885 1050 dominae
912 1015 1082 1050 volebant
1109 1015 1241 1054 dicere,

71 1075 165 1110 sicut
198 1075 273 1110 Deo
305 1075 449 1110 volente
483 1075 635 1121 gentiles
671 1075 884 1110 invaserunt
917 1079 952 1110 et
984 1079 1244 1121 oppresserunt

71 1137 208 1169 terram
229 1138 391 1169 sanctam
413 1139 558 1180 propter
579 1138 724 1180 peccata
740 1134 962 1180 judaeorum,
983 1135 1030 1170 ita
1053 1145 1149 1170 nunc
1169 1135 1243 1170 Deo

73 1193 303 1239 permittente
330 1194 447 1240 gallici
467 1198 741 1239 occupaverunt
768 1198 803 1229 et
831 1198 1104 1239 usurpaverunt
1126 1195 1243 1230 eccle-

71 1254 162 1289 siam
190 1257 351 1290 sanctam
379 1254 443 1289 Dei
471 1258 618 1299 propter
646 1257 791 1299 peccata
821 1265 1076 1299 romanorum3
1101 1258 1135 1290 et
1158 1254 1241 1290 dicit

71 1315 292 1358 alternando,
316 1314 405 1349 idest
427 1314 641 1349 alternative
660 1324 724 1359 per
743 1314 849 1358 vices,
872 1325 915 1348 οι·
937 1318 1000 1359 cre,
1026 1314 1158 1349 scilicet
1177 1314 1241 1349 do-

70 1373 189 1418 minae,
210 1383 255 1408 ex
284 1384 355 1408 una
384 1377 498 1418 parte,
525 1384 567 1407 or
595 1377 746 1416 quatlro,
768 1373 913 1418 scilicet,
932 1374 1088 1409 dominae
1108 1385 1152 1409 ex
1172 1373 1240 1409 alia

70 1437 191 1479 parte;
214 1433 261 1468 ita
289 1433 386 1478 quod
414 1436 487 1468 tres
515 1433 722 1478 incipientes
748 1433 918 1468 dicebant
945 1434 1104 1479 primum
1129 1433 1242 1469 versi-

70 1494 208 1538 culum,
224 1493 370 1537 scilicet,
386 1496 490 1536 Dens,
508 1497 671 1527 venerunt
686 1497 802 1536 flentes
819 1494 855 1527 in
872 1494 1105 1528 lzoereclitalem
1125 1498 1240 1538 luam,-

69 1557 105 1589 et
132 1553 210 1588 aliae
237 1556 397 1597 quatuor
425 1562 469 1587 ex
498 1552 660 1597 opposito
691 1552 857 1587 dicebant
892 1553 1093 1588 secundum
1128 1553 1242 1589 versi-

69 1613 207 1657 culum,
229 1612 373 1656 scilicet‚
393 1616 424 1646 el
445 1613 644 1656 polluerunt
668 1613 828 1656 templum
853 1616 1010 1647 sanctum
1038 1616 1130 1647 tuum
1157 1616 1239 1657 etc„

70 1673 161 1708 sicut
188 1683 208 1708 a
235 1672 340 1707 simili
368 1672 528 1717 quotidie
555 1675 702 1707 cantant
724 1672 899 1707 moniales
916 1668 951 1716 (²)
976 1673 1184 1719 symbolum
1205 1672 1241 1707 in

70 1734 194 1777 choro,
209 1736 245 1768 et
264 1733 310 1768 ita
330 1732 460 1767 clerici.
476 1752 524 1757 —
540 1735 569 1766 E
589 1734 752 1767 Bealrice.
774 1733 836 1768 Hic
856 1736 961 1778 poeta
984 1737 1128 1768 ostenso
1147 1743 1240 1778 qua-

70 1793 150 1828 liter
178 1803 216 1828 se
243 1792 436 1827 habuerint
454 1787 489 1836 (³)
517 1792 673 1827 dominae
700 1792 745 1827 ad
773 1795 909 1828 tantam
935 1796 1095 1839 stragem
1124 1793 1242 1828 eccle-

70 1854 131 1889 siae
158 1857 194 1888 et
221 1853 371 1898 pastoris
399 1853 489 1897 eius,
519 1863 614 1888 nunc
642 1853 796 1888 ostendit
831 1854 1016 1898 quomodo
1050 1864 1088 1889 se
1116 1854 1242 1889 habuit

70 1914 144 1960 ipsa
172 1913 316 1948 Beatrix
343 1913 388 1947 ad
416 1915 564 1947 cantum
593 1913 737 1947 illarum
766 1913 998 1948 dominarum
1027 1923 1110 1957 quae
1137 1916 1242 1947 erant

69 1973 208 2009 ancillae
235 1983 320 2008 suat.
353 1973 395 2007 Et
430 1973 546 2018 primo
580 1972 692 2018 tangit
728 1973 1038 2018 perturbationem
1068 1972 1145 2008 eius
1177 1983 1241 2018 per

70 2033 380 2079 comparationem
409 2032 679 2068 devotissimam
707 2032 838 2077 Marna,
867 2032 1007 2067 dicens:
1038 2035 1066 2066 E
1087 2034 1241 2067 Beatrice

69 2094 249 2137 sospirosa
275 2104 293 2127 e
315 2094 390 2137 μία,
419 2092 519 2136 idest,
547 2091 670 2126 dolens
698 2095 733 2127 et
764 2092 986 2137 compatiens
1015 2095 1122 2127 tantae
1150 2092 1240 2127 indi-

70 2153 208 2199 gnitati,
244 2154 423 2187 ascellam
455 2153 574 2196 quelle,
610 2151 755 2196 scilicet,
782 2151 945 2187 dominas
982 2156 1168 2187 cantantes
1205 2156 1241 2187 et

134 2247 159 2276 [¹]
179 2247 206 2270 E.
225 2250 297 2270 crant
315 2247 430 2276 gentilos,
448 2249 473 2270 et
490 2246 608 2270 ostendit.
695 2245 721 2274 (²)
741 2248 792 2275 117,
811 2248 904 2269 sanctae
922 2246 1044 2268 mulieres
1061 2245 1215 2275 simbolum.

134 2285 159 2314 ᾖ)
179 2285 207 2308 E.
226 2285 379 2308 habuerunt.
