<?xml version="1.0" encoding="UTF-8"?>
<!DOCTYPE html PUBLIC "-//W3C//DTD XHTML 1.0 Transitional//EN"
    "http://www.w3.org/TR/xhtml1/DTD/xhtml1-transitional.dtd">
<html xmlns="http://www.w3.org/1999/xhtml" xml:lang="en" lang="en">
 <head>
  <title>
</title>
<meta http-equiv="Content-Type" content="text/html;charset=utf-8" />
  <meta name='ocr-system' content='tesseract 3.04.00' />
  <meta name='ocr-capabilities' content='ocr_page ocr_carea ocr_par ocr_line ocrx_word'/>
</head>
<body>
  <div class='ocr_page' id='page_1' title='image "./comentumsuperdan04benvuoft_0179.png"; bbox 0 0 1737 2836; ppageno 0'>
   <div class='ocr_carea' id='block_1_1' title="bbox 389 226 1244 257">
    <p class='ocr_par' dir='ltr' id='par_1_1' title="bbox 389 226 1244 257">
     <span class='ocr_line' id='line_1_1' title="bbox 389 226 1244 257; baseline 0.005 -4"><span class='ocrx_word' id='word_1_1' title='bbox 389 228 526 255; x_wconf 67' lang='lat' dir='ltr'><strong>CANTL&#39;S</strong></span> <span class='ocrx_word' id='word_1_2' title='bbox 553 229 743 255; x_wconf 70' lang='lat' dir='ltr'>VIGESIML&#39;S</span> <span class='ocrx_word' id='word_1_3' title='bbox 768 229 937 255; x_wconf 66' lang='lat' dir='ltr'><strong>OCTAVL‘S.</strong></span> <span class='ocrx_word' id='word_1_4' title='bbox 1178 226 1244 257; x_wconf 72' lang='grc'>167</span> 
     </span>
    </p>
   </div>
   <div class='ocr_carea' id='block_1_2' title="bbox 74 301 1249 2202">
    <p class='ocr_par' dir='ltr' id='par_1_2' title="bbox 74 301 1249 2202">
     <span class='ocr_line' id='line_1_2' title="bbox 77 301 1247 348; baseline 0.002 -12"><span class='ocrx_word' id='word_1_5' title='bbox 77 301 179 347; x_wconf 85' lang='lat' dir='ltr'>quasi</span> <span class='ocrx_word' id='word_1_6' title='bbox 209 312 323 346; x_wconf 75' lang='lat' dir='ltr'>prope</span> <span class='ocrx_word' id='word_1_7' title='bbox 352 312 505 346; x_wconf 77' lang='lat' dir='ltr'>se}·pe118‚</span> <span class='ocrx_word' id='word_1_8' title='bbox 535 301 620 347; x_wconf 85' lang='lat' dir='ltr'>quia</span> <span class='ocrx_word' id='word_1_9' title='bbox 653 302 888 347; x_wconf 78' lang='lat' dir='ltr'>propinquius</span> <span class='ocrx_word' id='word_1_10' title='bbox 920 305 1028 338; x_wconf 83' lang='lat' dir='ltr'>terrae</span> <span class='ocrx_word' id='word_1_11' title='bbox 1064 306 1247 348; x_wconf 82' lang='lat' dir='ltr'>movetur,</span> 
     </span>
     <span class='ocr_line' id='line_1_3' title="bbox 77 361 1248 408; baseline 0.003 -13"><span class='ocrx_word' id='word_1_12' title='bbox 77 371 187 406; x_wconf 87' lang='lat' dir='ltr'>quam</span> <span class='ocrx_word' id='word_1_13' title='bbox 215 361 334 396; x_wconf 79' lang='lat' dir='ltr'>caeteri</span> <span class='ocrx_word' id='word_1_14' title='bbox 364 361 534 406; x_wconf 86' lang='lat' dir='ltr'>planetae:</span> <span class='ocrx_word' id='word_1_15' title='bbox 564 371 628 406; x_wconf 87' lang='lat' dir='ltr'>per</span> <span class='ocrx_word' id='word_1_16' title='bbox 655 362 845 397; x_wconf 85' lang='lat' dir='ltr'>Plutonem</span> <span class='ocrx_word' id='word_1_17' title='bbox 879 372 967 397; x_wconf 79' lang='lat' dir='ltr'>vero</span> <span class='ocrx_word' id='word_1_18' title='bbox 995 365 1143 408; x_wconf 80' lang='lat' dir='ltr'>terram,</span> <span class='ocrx_word' id='word_1_19' title='bbox 1172 362 1248 398; x_wconf 87' lang='lat' dir='ltr'>sive</span> 
     </span>
     <span class='ocr_line' id='line_1_4' title="bbox 77 420 1247 467; baseline 0.003 -12"><span class='ocrx_word' id='word_1_20' title='bbox 77 430 209 466; x_wconf 86' lang='lat' dir='ltr'>corpus</span> <span class='ocrx_word' id='word_1_21' title='bbox 237 424 354 456; x_wconf 79' lang='lat' dir='ltr'>terrae.</span> <span class='ocrx_word' id='word_1_22' title='bbox 383 420 485 463; x_wconf 78' lang='lat' dir='ltr'>Quod</span> <span class='ocrx_word' id='word_1_23' title='bbox 519 430 606 456; x_wconf 68' lang='lat' dir='ltr'>vero</span> <span class='ocrx_word' id='word_1_24' title='bbox 638 421 854 467; x_wconf 76' lang='lat' dir='ltr'>Proserpina</span> <span class='ocrx_word' id='word_1_25' title='bbox 881 421 1012 457; x_wconf 89' lang='lat' dir='ltr'>dicitur</span> <span class='ocrx_word' id='word_1_26' title='bbox 1040 421 1110 458; x_wconf 85' lang='lat' dir='ltr'>filia</span> <span class='ocrx_word' id='word_1_27' title='bbox 1138 426 1247 458; x_wconf 84' lang='lat' dir='ltr'>terrae</span> 
     </span>
     <span class='ocr_line' id='line_1_5' title="bbox 79 479 1248 526; baseline 0.003 -11"><span class='ocrx_word' id='word_1_28' title='bbox 79 490 152 515; x_wconf 91' lang='lat' dir='ltr'>non</span> <span class='ocrx_word' id='word_1_29' title='bbox 179 484 232 515; x_wconf 89' lang='lat' dir='ltr'>est</span> <span class='ocrx_word' id='word_1_30' title='bbox 258 480 356 515; x_wconf 87' lang='lat' dir='ltr'>aliud</span> <span class='ocrx_word' id='word_1_31' title='bbox 383 480 446 515; x_wconf 85' lang='lat' dir='ltr'>nisi</span> <span class='ocrx_word' id='word_1_32' title='bbox 474 479 570 525; x_wconf 91' lang='lat' dir='ltr'>quod</span> <span class='ocrx_word' id='word_1_33' title='bbox 598 479 683 515; x_wconf 90' lang='lat' dir='ltr'>luna</span> <span class='ocrx_word' id='word_1_34' title='bbox 711 481 789 526; x_wconf 79' lang='lat' dir='ltr'>plus</span> <span class='ocrx_word' id='word_1_35' title='bbox 816 481 976 516; x_wconf 88' lang='lat' dir='ltr'>continet</span> <span class='ocrx_word' id='word_1_36' title='bbox 998 481 1033 516; x_wconf 90' lang='lat' dir='ltr'>in</span> <span class='ocrx_word' id='word_1_37' title='bbox 1054 492 1093 517; x_wconf 91' lang='lat' dir='ltr'>se</span> <span class='ocrx_word' id='word_1_38' title='bbox 1114 481 1159 518; x_wconf 90' lang='lat' dir='ltr'>de</span> <span class='ocrx_word' id='word_1_39' title='bbox 1181 492 1248 518; x_wconf 86' lang='lat' dir='ltr'>na-</span> 
     </span>
     <span class='ocr_line' id='line_1_6' title="bbox 76 539 1249 588; baseline 0.003 -14"><span class='ocrx_word' id='word_1_40' title='bbox 76 543 159 574; x_wconf 85' lang='lat' dir='ltr'>tura</span> <span class='ocrx_word' id='word_1_41' title='bbox 188 543 307 585; x_wconf 43' lang='lat' dir='ltr'>terr-te,</span> <span class='ocrx_word' id='word_1_42' title='bbox 327 543 362 575; x_wconf 88' lang='lat' dir='ltr'>et</span> <span class='ocrx_word' id='word_1_43' title='bbox 385 539 464 585; x_wconf 90' lang='lat' dir='ltr'>plus</span> <span class='ocrx_word' id='word_1_44' title='bbox 483 539 621 575; x_wconf 87' lang='lat' dir='ltr'>accedit</span> <span class='ocrx_word' id='word_1_45' title='bbox 640 543 781 575; x_wconf 85' lang='lat' dir='ltr'>naturae</span> <span class='ocrx_word' id='word_1_46' title='bbox 801 539 879 575; x_wconf 87' lang='lat' dir='ltr'>eius</span> <span class='ocrx_word' id='word_1_47' title='bbox 899 551 1009 585; x_wconf 89' lang='lat' dir='ltr'>quam</span> <span class='ocrx_word' id='word_1_48' title='bbox 1030 541 1151 576; x_wconf 82' lang='lat' dir='ltr'>caeteri</span> <span class='ocrx_word' id='word_1_49' title='bbox 1171 542 1249 588; x_wconf 86' lang='lat' dir='ltr'>pla—</span> 
     </span>
     <span class='ocr_line' id='line_1_7' title="bbox 77 595 1245 645; baseline 0.003 -12"><span class='ocrx_word' id='word_1_50' title='bbox 77 602 182 644; x_wconf 84' lang='lat' dir='ltr'>netae,</span> <span class='ocrx_word' id='word_1_51' title='bbox 210 599 294 644; x_wconf 88' lang='lat' dir='ltr'>quia</span> <span class='ocrx_word' id='word_1_52' title='bbox 321 602 375 635; x_wconf 91' lang='lat' dir='ltr'>est</span> <span class='ocrx_word' id='word_1_53' title='bbox 401 599 591 635; x_wconf 86' lang='lat' dir='ltr'>obscurior</span> <span class='ocrx_word' id='word_1_54' title='bbox 609 595 643 643; x_wconf 44' lang='grc' dir='ltr'>μ’)</span> <span class='ocrx_word' id='word_1_55' title='bbox 672 602 707 634; x_wconf 92' lang='lat' dir='ltr'>et</span> <span class='ocrx_word' id='word_1_56' title='bbox 733 599 901 645; x_wconf 74' lang='lat' dir='ltr'>gravior3</span> <span class='ocrx_word' id='word_1_57' title='bbox 926 599 1022 635; x_wconf 87' lang='lat' dir='ltr'>unde</span> <span class='ocrx_word' id='word_1_58' title='bbox 1040 603 1156 645; x_wconf 85' lang='lat' dir='ltr'>potest</span> <span class='ocrx_word' id='word_1_59' title='bbox 1178 601 1245 636; x_wconf 89' lang='lat' dir='ltr'>dici</span> 
     </span>
     <span class='ocr_line' id='line_1_8' title="bbox 75 659 1246 704; baseline 0.001 -10"><span class='ocrx_word' id='word_1_60' title='bbox 75 659 132 694; x_wconf 77' lang='lat' dir='ltr'>sex</span> <span class='ocrx_word' id='word_1_61' title='bbox 162 659 404 704; x_wconf 80' lang='lat' dir='ltr'>planetarum,</span> <span class='ocrx_word' id='word_1_62' title='bbox 428 659 522 694; x_wconf 86' lang='lat' dir='ltr'>sicut</span> <span class='ocrx_word' id='word_1_63' title='bbox 549 662 647 695; x_wconf 88' lang='lat' dir='ltr'>terra</span> <span class='ocrx_word' id='word_1_64' title='bbox 674 659 733 694; x_wconf 72' lang='lat' dir='ltr'>sex</span> <span class='ocrx_word' id='word_1_65' title='bbox 760 659 1040 694; x_wconf 86' lang='lat' dir='ltr'>elementorum.</span> <span class='ocrx_word' id='word_1_66' title='bbox 1060 659 1160 695; x_wconf 86' lang='lat' dir='ltr'>Hanc</span> <span class='ocrx_word' id='word_1_67' title='bbox 1178 671 1246 695; x_wconf 84' lang='lat' dir='ltr'>au-</span> 
     </span>
     <span class='ocr_line' id='line_1_9' title="bbox 76 718 1246 765; baseline 0.002 -12"><span class='ocrx_word' id='word_1_68' title='bbox 76 722 151 754; x_wconf 90' lang='lat' dir='ltr'>tem</span> <span class='ocrx_word' id='word_1_69' title='bbox 179 719 272 765; x_wconf 84' lang='lat' dir='ltr'>rapit</span> <span class='ocrx_word' id='word_1_70' title='bbox 299 719 415 763; x_wconf 83' lang='lat' dir='ltr'>Pluto,</span> <span class='ocrx_word' id='word_1_71' title='bbox 442 719 529 754; x_wconf 89' lang='lat' dir='ltr'>dum</span> <span class='ocrx_word' id='word_1_72' title='bbox 557 719 829 765; x_wconf 79' lang='lat' dir='ltr'>interpositione</span> <span class='ocrx_word' id='word_1_73' title='bbox 855 718 1009 754; x_wconf 84' lang='lat' dir='ltr'>tumoris</span> <span class='ocrx_word' id='word_1_74' title='bbox 1029 722 1137 754; x_wconf 51' lang='lat' dir='ltr'>terrie</span> <span class='ocrx_word' id='word_1_75' title='bbox 1159 719 1246 755; x_wconf 88' lang='lat' dir='ltr'>luna</span> 
     </span>
     <span class='ocr_line' id='line_1_10' title="bbox 76 778 1247 824; baseline 0.001 -11"><span class='ocrx_word' id='word_1_76' title='bbox 76 778 179 813; x_wconf 87' lang='lat' dir='ltr'>nobis</span> <span class='ocrx_word' id='word_1_77' title='bbox 198 778 453 823; x_wconf 55' lang='lat' dir='ltr'>absconditum</span> <span class='ocrx_word' id='word_1_78' title='bbox 474 781 509 814; x_wconf 88' lang='lat' dir='ltr'>et</span> <span class='ocrx_word' id='word_1_79' title='bbox 528 789 607 814; x_wconf 88' lang='lat' dir='ltr'>eam</span> <span class='ocrx_word' id='word_1_80' title='bbox 631 782 754 814; x_wconf 89' lang='lat' dir='ltr'>autem</span> <span class='ocrx_word' id='word_1_81' title='bbox 775 778 905 824; x_wconf 86' lang='lat' dir='ltr'>quaerit</span> <span class='ocrx_word' id='word_1_82' title='bbox 925 779 1035 814; x_wconf 87' lang='lat' dir='ltr'>Ceres</span> <span class='ocrx_word' id='word_1_83' title='bbox 1056 789 1140 814; x_wconf 81' lang='lat' dir='ltr'>cun]</span> <span class='ocrx_word' id='word_1_84' title='bbox 1160 779 1247 815; x_wconf 82' lang='lat' dir='ltr'>faci-</span> 
     </span>
     <span class='ocr_line' id='line_1_11' title="bbox 74 838 1248 884; baseline 0.002 -11"><span class='ocrx_word' id='word_1_85' title='bbox 74 838 154 883; x_wconf 82' lang='lat' dir='ltr'>bus,</span> <span class='ocrx_word' id='word_1_86' title='bbox 174 838 271 884; x_wconf 81' lang='lat' dir='ltr'>quia,</span> <span class='ocrx_word' id='word_1_87' title='bbox 290 838 435 883; x_wconf 76' lang='lat' dir='ltr'>scilicet,</span> <span class='ocrx_word' id='word_1_88' title='bbox 456 838 491 873; x_wconf 92' lang='lat' dir='ltr'>in</span> <span class='ocrx_word' id='word_1_89' title='bbox 516 838 628 874; x_wconf 87' lang='lat' dir='ltr'>nimio</span> <span class='ocrx_word' id='word_1_90' title='bbox 654 839 787 874; x_wconf 84' lang='lat' dir='ltr'>aestatis</span> <span class='ocrx_word' id='word_1_91' title='bbox 806 839 951 874; x_wconf 83' lang='lat' dir='ltr'>fervore</span> <span class='ocrx_word' id='word_1_92' title='bbox 970 842 1068 874; x_wconf 87' lang='lat' dir='ltr'>terra</span> <span class='ocrx_word' id='word_1_93' title='bbox 1088 839 1248 875; x_wconf 77' lang='lat' dir='ltr'>maxime</span> 
     </span>
     <span class='ocr_line' id='line_1_12' title="bbox 77 898 1247 945; baseline 0.001 -12"><span class='ocrx_word' id='word_1_94' title='bbox 77 898 206 943; x_wconf 88' lang='lat' dir='ltr'>repetit</span> <span class='ocrx_word' id='word_1_95' title='bbox 232 898 426 933; x_wconf 88' lang='lat' dir='ltr'>humorem</span> <span class='ocrx_word' id='word_1_96' title='bbox 447 898 553 943; x_wconf 81' lang='lat' dir='ltr'>lunae,</span> <span class='ocrx_word' id='word_1_97' title='bbox 574 909 647 943; x_wconf 79' lang='lat' dir='ltr'>quo</span> <span class='ocrx_word' id='word_1_98' title='bbox 666 898 789 934; x_wconf 76' lang='lat' dir='ltr'>fervor</span> <span class='ocrx_word' id='word_1_99' title='bbox 816 898 874 934; x_wconf 88' lang='lat' dir='ltr'>ille</span> <span class='ocrx_word' id='word_1_100' title='bbox 903 899 1099 944; x_wconf 89' lang='lat' dir='ltr'>temperari</span> <span class='ocrx_word' id='word_1_101' title='bbox 1126 899 1247 945; x_wconf 78' lang='lat' dir='ltr'>possit,</span> 
     </span>
     <span class='ocr_line' id='line_1_13' title="bbox 76 958 1246 1004; baseline 0.003 -12"><span class='ocrx_word' id='word_1_102' title='bbox 76 961 112 993; x_wconf 90' lang='lat' dir='ltr'>et</span> <span class='ocrx_word' id='word_1_103' title='bbox 140 958 234 993; x_wconf 89' lang='lat' dir='ltr'>unde</span> <span class='ocrx_word' id='word_1_104' title='bbox 261 958 370 993; x_wconf 85' lang='lat' dir='ltr'>etiam</span> <span class='ocrx_word' id='word_1_105' title='bbox 399 958 538 993; x_wconf 85' lang='lat' dir='ltr'>fructus</span> <span class='ocrx_word' id='word_1_106' title='bbox 566 958 620 992; x_wconf 82' lang='lat' dir='ltr'>sui</span> <span class='ocrx_word' id='word_1_107' title='bbox 651 958 797 1004; x_wconf 88' lang='lat' dir='ltr'>recipiat</span> <span class='ocrx_word' id='word_1_108' title='bbox 825 962 1086 1004; x_wconf 81' lang='lat' dir='ltr'>augmentum3</span> <span class='ocrx_word' id='word_1_109' title='bbox 1115 962 1149 994; x_wconf 91' lang='lat' dir='ltr'>et</span> <span class='ocrx_word' id='word_1_110' title='bbox 1176 959 1246 995; x_wconf 87' lang='lat' dir='ltr'>hoc</span> 
     </span>
     <span class='ocr_line' id='line_1_14' title="bbox 76 1013 1246 1063; baseline 0.001 -10"><span class='ocrx_word' id='word_1_111' title='bbox 76 1019 111 1053; x_wconf 90' lang='lat' dir='ltr'>in</span> <span class='ocrx_word' id='word_1_112' title='bbox 139 1022 255 1063; x_wconf 84' lang='lat' dir='ltr'>nocte,</span> <span class='ocrx_word' id='word_1_113' title='bbox 286 1018 371 1063; x_wconf 88' lang='lat' dir='ltr'>quia</span> <span class='ocrx_word' id='word_1_114' title='bbox 389 1013 424 1062; x_wconf 67' lang='lat'>(²)</span> <span class='ocrx_word' id='word_1_115' title='bbox 459 1021 544 1053; x_wconf 91' lang='lat' dir='ltr'>tunc</span> <span class='ocrx_word' id='word_1_116' title='bbox 577 1018 709 1053; x_wconf 85' lang='lat' dir='ltr'>scilicet</span> <span class='ocrx_word' id='word_1_117' title='bbox 744 1019 878 1053; x_wconf 86' lang='lat' dir='ltr'>humor</span> <span class='ocrx_word' id='word_1_118' title='bbox 911 1019 989 1063; x_wconf 86' lang='lat' dir='ltr'>plus</span> <span class='ocrx_word' id='word_1_119' title='bbox 1021 1018 1182 1054; x_wconf 84' lang='lat' dir='ltr'>abundat</span> <span class='ocrx_word' id='word_1_120' title='bbox 1210 1019 1246 1054; x_wconf 91' lang='lat' dir='ltr'>in</span> 
     </span>
     <span class='ocr_line' id='line_1_15' title="bbox 75 1077 1247 1123; baseline 0 -10"><span class='ocrx_word' id='word_1_121' title='bbox 75 1088 162 1113; x_wconf 85' lang='lat' dir='ltr'>aere</span> <span class='ocrx_word' id='word_1_122' title='bbox 188 1088 233 1113; x_wconf 79' lang='lat' dir='ltr'>ex</span> <span class='ocrx_word' id='word_1_123' title='bbox 262 1077 442 1113; x_wconf 83' lang='lat' dir='ltr'>vicinitate</span> <span class='ocrx_word' id='word_1_124' title='bbox 469 1077 577 1123; x_wconf 85' lang='lat' dir='ltr'>ipsius</span> <span class='ocrx_word' id='word_1_125' title='bbox 605 1078 715 1122; x_wconf 76' lang='lat' dir='ltr'>lunae3</span> <span class='ocrx_word' id='word_1_126' title='bbox 744 1077 779 1112; x_wconf 94' lang='lat' dir='ltr'>in</span> <span class='ocrx_word' id='word_1_127' title='bbox 806 1077 863 1113; x_wconf 89' lang='lat' dir='ltr'>die</span> <span class='ocrx_word' id='word_1_128' title='bbox 890 1078 986 1113; x_wconf 87' lang='lat' dir='ltr'>enim</span> <span class='ocrx_word' id='word_1_129' title='bbox 1016 1078 1100 1113; x_wconf 88' lang='lat' dir='ltr'>nihil</span> <span class='ocrx_word' id='word_1_130' title='bbox 1128 1078 1247 1114; x_wconf 89' lang='lat' dir='ltr'>admi-</span> 
     </span>
     <span class='ocr_line' id='line_1_16' title="bbox 76 1137 1248 1183; baseline 0 -10"><span class='ocrx_word' id='word_1_131' title='bbox 76 1138 203 1173; x_wconf 88' lang='lat' dir='ltr'>nistrat</span> <span class='ocrx_word' id='word_1_132' title='bbox 231 1137 394 1172; x_wconf 84' lang='lat' dir='ltr'>humoris</span> <span class='ocrx_word' id='word_1_133' title='bbox 420 1137 581 1182; x_wconf 75' lang='lat' dir='ltr'>subditis,</span> <span class='ocrx_word' id='word_1_134' title='bbox 610 1137 667 1173; x_wconf 70' lang='lat' dir='ltr'>vel</span> <span class='ocrx_word' id='word_1_135' title='bbox 695 1137 723 1172; x_wconf 79' lang='lat' dir='ltr'>si</span> <span class='ocrx_word' id='word_1_136' title='bbox 750 1137 884 1183; x_wconf 89' lang='lat' dir='ltr'>aliquid</span> <span class='ocrx_word' id='word_1_137' title='bbox 915 1138 1038 1173; x_wconf 87' lang='lat' dir='ltr'>calore</span> <span class='ocrx_word' id='word_1_138' title='bbox 1070 1138 1152 1173; x_wconf 89' lang='lat' dir='ltr'>solis</span> <span class='ocrx_word' id='word_1_139' title='bbox 1184 1148 1248 1173; x_wconf 80' lang='lat' dir='ltr'>ex-</span> 
     </span>
     <span class='ocr_line' id='line_1_17' title="bbox 76 1197 1246 1245; baseline 0.001 -12"><span class='ocrx_word' id='word_1_140' title='bbox 76 1198 243 1234; x_wconf 85' lang='lat' dir='ltr'>siccatur.</span> <span class='ocrx_word' id='word_1_141' title='bbox 271 1198 373 1240; x_wconf 82' lang='lat' dir='ltr'>Quod</span> <span class='ocrx_word' id='word_1_142' title='bbox 401 1201 525 1233; x_wconf 84' lang='lat' dir='ltr'>autem</span> <span class='ocrx_word' id='word_1_143' title='bbox 553 1198 605 1232; x_wconf 91' lang='lat' dir='ltr'>sol</span> <span class='ocrx_word' id='word_1_144' title='bbox 630 1197 870 1233; x_wconf 67' lang='lat' dir='ltr'>manifestavit</span> <span class='ocrx_word' id='word_1_145' title='bbox 888 1208 969 1233; x_wconf 90' lang='lat' dir='ltr'>eam</span> <span class='ocrx_word' id='word_1_146' title='bbox 993 1198 1116 1234; x_wconf 87' lang='lat' dir='ltr'>Cereri</span> <span class='ocrx_word' id='word_1_147' title='bbox 1136 1198 1246 1245; x_wconf 78' lang='lat' dir='ltr'>signi-</span> 
     </span>
     <span class='ocr_line' id='line_1_18' title="bbox 76 1257 1245 1303; baseline -0.001 -10"><span class='ocrx_word' id='word_1_148' title='bbox 76 1258 159 1295; x_wconf 83' lang='lat' dir='ltr'>ficat</span> <span class='ocrx_word' id='word_1_149' title='bbox 186 1257 283 1303; x_wconf 89' lang='lat' dir='ltr'>quod</span> <span class='ocrx_word' id='word_1_150' title='bbox 303 1268 374 1292; x_wconf 89' lang='lat' dir='ltr'>non</span> <span class='ocrx_word' id='word_1_151' title='bbox 394 1257 501 1292; x_wconf 86' lang='lat' dir='ltr'>habet</span> <span class='ocrx_word' id='word_1_152' title='bbox 519 1267 697 1302; x_wconf 84' lang='lat' dir='ltr'>apparere</span> <span class='ocrx_word' id='word_1_153' title='bbox 716 1257 781 1291; x_wconf 87' lang='lat' dir='ltr'>nisi</span> <span class='ocrx_word' id='word_1_154' title='bbox 801 1267 865 1303; x_wconf 88' lang='lat' dir='ltr'>per</span> <span class='ocrx_word' id='word_1_155' title='bbox 884 1257 1114 1302; x_wconf 81' lang='lat' dir='ltr'>splendorem</span> <span class='ocrx_word' id='word_1_156' title='bbox 1134 1268 1245 1303; x_wconf 90' lang='lat' dir='ltr'>quem</span> 
     </span>
     <span class='ocr_line' id='line_1_19' title="bbox 75 1316 1247 1363; baseline -0.001 -10"><span class='ocrx_word' id='word_1_157' title='bbox 75 1317 201 1363; x_wconf 86' lang='lat' dir='ltr'>recipit</span> <span class='ocrx_word' id='word_1_158' title='bbox 227 1328 249 1353; x_wconf 89' lang='lat' dir='ltr'>a</span> <span class='ocrx_word' id='word_1_159' title='bbox 275 1318 369 1352; x_wconf 89' lang='lat' dir='ltr'>sole:</span> <span class='ocrx_word' id='word_1_160' title='bbox 398 1317 495 1362; x_wconf 89' lang='lat' dir='ltr'>quod</span> <span class='ocrx_word' id='word_1_161' title='bbox 522 1319 646 1352; x_wconf 85' lang='lat' dir='ltr'>autem</span> <span class='ocrx_word' id='word_1_162' title='bbox 680 1316 811 1352; x_wconf 87' lang='lat' dir='ltr'>dicitur</span> <span class='ocrx_word' id='word_1_163' title='bbox 845 1327 909 1362; x_wconf 89' lang='lat' dir='ltr'>per</span> <span class='ocrx_word' id='word_1_164' title='bbox 941 1316 1129 1352; x_wconf 87' lang='lat' dir='ltr'>dimidium</span> <span class='ocrx_word' id='word_1_165' title='bbox 1161 1318 1247 1352; x_wconf 88' lang='lat' dir='ltr'>anni</span> 
     </span>
     <span class='ocr_line' id='line_1_20' title="bbox 76 1375 1246 1422; baseline -0.001 -9"><span class='ocrx_word' id='word_1_166' title='bbox 76 1377 213 1413; x_wconf 81' lang='lat' dir='ltr'>morari</span> <span class='ocrx_word' id='word_1_167' title='bbox 232 1387 316 1412; x_wconf 83' lang='lat' dir='ltr'>cuin</span> <span class='ocrx_word' id='word_1_168' title='bbox 336 1377 500 1421; x_wconf 73' lang='lat' dir='ltr'>Plutone,</span> <span class='ocrx_word' id='word_1_169' title='bbox 516 1380 552 1412; x_wconf 87' lang='lat' dir='ltr'>et</span> <span class='ocrx_word' id='word_1_170' title='bbox 570 1386 635 1422; x_wconf 86' lang='lat' dir='ltr'>per</span> <span class='ocrx_word' id='word_1_171' title='bbox 653 1375 841 1411; x_wconf 86' lang='lat' dir='ltr'>dimidium</span> <span class='ocrx_word' id='word_1_172' title='bbox 861 1376 957 1422; x_wconf 83' lang='lat' dir='ltr'>apud</span> <span class='ocrx_word' id='word_1_173' title='bbox 976 1387 1139 1422; x_wconf 73' lang='lat' dir='ltr'>superos,</span> <span class='ocrx_word' id='word_1_174' title='bbox 1160 1377 1246 1412; x_wconf 88' lang='lat' dir='ltr'>nihil</span> 
     </span>
     <span class='ocr_line' id='line_1_21' title="bbox 76 1437 1246 1482; baseline 0 -10"><span class='ocrx_word' id='word_1_175' title='bbox 76 1437 173 1473; x_wconf 82' lang='lat' dir='ltr'>aliud</span> <span class='ocrx_word' id='word_1_176' title='bbox 201 1441 255 1473; x_wconf 81' lang='lat' dir='ltr'>est</span> <span class='ocrx_word' id='word_1_177' title='bbox 273 1437 338 1472; x_wconf 90' lang='lat' dir='ltr'>nisi</span> <span class='ocrx_word' id='word_1_178' title='bbox 366 1437 463 1482; x_wconf 88' lang='lat' dir='ltr'>quod</span> <span class='ocrx_word' id='word_1_179' title='bbox 491 1437 575 1472; x_wconf 90' lang='lat' dir='ltr'>luna</span> <span class='ocrx_word' id='word_1_180' title='bbox 602 1447 666 1482; x_wconf 83' lang='lat' dir='ltr'>per</span> <span class='ocrx_word' id='word_1_181' title='bbox 693 1446 755 1472; x_wconf 81' lang='lat' dir='ltr'>sex</span> <span class='ocrx_word' id='word_1_182' title='bbox 785 1446 927 1471; x_wconf 84' lang='lat' dir='ltr'>menses</span> <span class='ocrx_word' id='word_1_183' title='bbox 946 1440 999 1472; x_wconf 82' lang='lat' dir='ltr'>est</span> <span class='ocrx_word' id='word_1_184' title='bbox 1027 1437 1062 1472; x_wconf 91' lang='lat' dir='ltr'>in</span> <span class='ocrx_word' id='word_1_185' title='bbox 1086 1437 1246 1473; x_wconf 83' lang='lat' dir='ltr'>inferiori</span> 
     </span>
     <span class='ocr_line' id='line_1_22' title="bbox 76 1495 1248 1542; baseline 0 -10"><span class='ocrx_word' id='word_1_186' title='bbox 76 1496 294 1542; x_wconf 81' lang='lat' dir='ltr'>liemisperio</span> <span class='ocrx_word' id='word_1_187' title='bbox 321 1500 357 1532; x_wconf 89' lang='lat' dir='ltr'>et</span> <span class='ocrx_word' id='word_1_188' title='bbox 383 1506 455 1531; x_wconf 89' lang='lat' dir='ltr'>non</span> <span class='ocrx_word' id='word_1_189' title='bbox 482 1495 625 1531; x_wconf 64' lang='lat' dir='ltr'>videtur</span> <span class='ocrx_word' id='word_1_190' title='bbox 651 1506 672 1531; x_wconf 87' lang='lat' dir='ltr'>a</span> <span class='ocrx_word' id='word_1_191' title='bbox 699 1495 820 1540; x_wconf 73' lang='lat' dir='ltr'>nobis3</span> <span class='ocrx_word' id='word_1_192' title='bbox 840 1506 904 1541; x_wconf 89' lang='lat' dir='ltr'>per</span> <span class='ocrx_word' id='word_1_193' title='bbox 927 1496 1075 1531; x_wconf 88' lang='lat' dir='ltr'>totidem</span> <span class='ocrx_word' id='word_1_194' title='bbox 1105 1507 1193 1532; x_wconf 87' lang='lat' dir='ltr'>vero</span> <span class='ocrx_word' id='word_1_195' title='bbox 1213 1497 1248 1532; x_wconf 93' lang='lat' dir='ltr'>in</span> 
     </span>
     <span class='ocr_line' id='line_1_23' title="bbox 76 1554 1248 1602; baseline 0 -12"><span class='ocrx_word' id='word_1_196' title='bbox 76 1555 266 1602; x_wconf 83' lang='lat' dir='ltr'>superiori,</span> <span class='ocrx_word' id='word_1_197' title='bbox 294 1559 329 1590; x_wconf 89' lang='lat' dir='ltr'>et</span> <span class='ocrx_word' id='word_1_198' title='bbox 357 1555 457 1589; x_wconf 81' lang='lat' dir='ltr'>nohis</span> <span class='ocrx_word' id='word_1_199' title='bbox 484 1558 644 1600; x_wconf 83' lang='lat' dir='ltr'>apparet.</span> <span class='ocrx_word' id='word_1_200' title='bbox 672 1554 737 1589; x_wconf 76' lang='lat' dir='ltr'>Alii</span> <span class='ocrx_word' id='word_1_201' title='bbox 773 1565 862 1590; x_wconf 81' lang='lat' dir='ltr'>vero</span> <span class='ocrx_word' id='word_1_202' title='bbox 895 1565 959 1600; x_wconf 88' lang='lat' dir='ltr'>per</span> <span class='ocrx_word' id='word_1_203' title='bbox 992 1555 1248 1601; x_wconf 81' lang='lat' dir='ltr'>Proserpinam</span> 
     </span>
     <span class='ocr_line' id='line_1_24' title="bbox 76 1614 1248 1661; baseline 0.001 -11"><span class='ocrx_word' id='word_1_204' title='bbox 76 1615 203 1650; x_wconf 69' lang='lat' dir='ltr'>volunt</span> <span class='ocrx_word' id='word_1_205' title='bbox 230 1614 377 1661; x_wconf 85' lang='lat' dir='ltr'>intelligi</span> <span class='ocrx_word' id='word_1_206' title='bbox 403 1624 599 1659; x_wconf 75' lang='lat' dir='ltr'>annonam,</span> <span class='ocrx_word' id='word_1_207' title='bbox 623 1624 705 1659; x_wconf 81' lang='lat' dir='ltr'>quae</span> <span class='ocrx_word' id='word_1_208' title='bbox 732 1614 777 1649; x_wconf 85' lang='lat' dir='ltr'>ad</span> <span class='ocrx_word' id='word_1_209' title='bbox 806 1617 949 1660; x_wconf 83' lang='lat' dir='ltr'>tempus</span> <span class='ocrx_word' id='word_1_210' title='bbox 969 1615 1066 1660; x_wconf 77' lang='lat' dir='ltr'>latet,</span> <span class='ocrx_word' id='word_1_211' title='bbox 1086 1615 1131 1650; x_wconf 82' lang='lat' dir='ltr'>ad</span> <span class='ocrx_word' id='word_1_212' title='bbox 1154 1618 1248 1651; x_wconf 87' lang='lat' dir='ltr'>tem—</span> 
     </span>
     <span class='ocr_line' id='line_1_25' title="bbox 76 1673 1247 1721; baseline -0.001 -11"><span class='ocrx_word' id='word_1_213' title='bbox 76 1685 144 1721; x_wconf 92' lang='lat' dir='ltr'>pus</span> <span class='ocrx_word' id='word_1_214' title='bbox 170 1677 330 1720; x_wconf 80' lang='lat' dir='ltr'>apparet,</span> <span class='ocrx_word' id='word_1_215' title='bbox 359 1677 394 1709; x_wconf 88' lang='lat' dir='ltr'>et</span> <span class='ocrx_word' id='word_1_216' title='bbox 421 1673 599 1719; x_wconf 81' lang='lat' dir='ltr'>quaeritur</span> <span class='ocrx_word' id='word_1_217' title='bbox 626 1684 711 1709; x_wconf 90' lang='lat' dir='ltr'>cum</span> <span class='ocrx_word' id='word_1_218' title='bbox 740 1673 889 1719; x_wconf 81' lang='lat' dir='ltr'>facibus,</span> <span class='ocrx_word' id='word_1_219' title='bbox 918 1674 1003 1720; x_wconf 89' lang='lat' dir='ltr'>quia</span> <span class='ocrx_word' id='word_1_220' title='bbox 1030 1684 1101 1709; x_wconf 89' lang='lat' dir='ltr'>non</span> <span class='ocrx_word' id='word_1_221' title='bbox 1126 1675 1190 1710; x_wconf 87' lang='lat' dir='ltr'>nisi</span> <span class='ocrx_word' id='word_1_222' title='bbox 1213 1675 1247 1710; x_wconf 92' lang='lat' dir='ltr'>in</span> 
     </span>
     <span class='ocr_line' id='line_1_26' title="bbox 78 1734 1247 1781; baseline 0.002 -12"><span class='ocrx_word' id='word_1_223' title='bbox 78 1745 211 1781; x_wconf 84' lang='lat' dir='ltr'>magno</span> <span class='ocrx_word' id='word_1_224' title='bbox 237 1734 358 1770; x_wconf 85' lang='lat' dir='ltr'>calore</span> <span class='ocrx_word' id='word_1_225' title='bbox 385 1734 552 1779; x_wconf 81' lang='lat' dir='ltr'>habetur,</span> <span class='ocrx_word' id='word_1_226' title='bbox 573 1737 609 1769; x_wconf 92' lang='lat' dir='ltr'>et</span> <span class='ocrx_word' id='word_1_227' title='bbox 628 1734 811 1769; x_wconf 83' lang='lat' dir='ltr'>invenitur</span> <span class='ocrx_word' id='word_1_228' title='bbox 830 1734 864 1769; x_wconf 91' lang='lat' dir='ltr'>in</span> <span class='ocrx_word' id='word_1_229' title='bbox 884 1734 1001 1770; x_wconf 86' lang='lat' dir='ltr'>Sicilia</span> <span class='ocrx_word' id='word_1_230' title='bbox 1030 1735 1247 1771; x_wconf 83' lang='lat' dir='ltr'>fertilissima</span> 
     </span>
     <span class='ocr_line' id='line_1_27' title="bbox 78 1794 1246 1841; baseline 0.001 -12"><span class='ocrx_word' id='word_1_231' title='bbox 78 1796 227 1841; x_wconf 81' lang='lat' dir='ltr'>frugum</span> <span class='ocrx_word' id='word_1_232' title='bbox 263 1794 358 1840; x_wconf 81' lang='lat' dir='ltr'>apud</span> <span class='ocrx_word' id='word_1_233' title='bbox 393 1794 513 1840; x_wconf 82' lang='lat' dir='ltr'>ignem</span> <span class='ocrx_word' id='word_1_234' title='bbox 546 1797 581 1829; x_wconf 84' lang='lat' dir='ltr'>et</span> <span class='ocrx_word' id='word_1_235' title='bbox 611 1804 759 1839; x_wconf 79' lang='lat' dir='ltr'>aquam,</span> <span class='ocrx_word' id='word_1_236' title='bbox 788 1794 887 1839; x_wconf 81' lang='lat' dir='ltr'>idest,</span> <span class='ocrx_word' id='word_1_237' title='bbox 918 1795 1078 1830; x_wconf 86' lang='lat' dir='ltr'>calorem</span> <span class='ocrx_word' id='word_1_238' title='bbox 1111 1799 1146 1831; x_wconf 87' lang='lat' dir='ltr'>et</span> <span class='ocrx_word' id='word_1_239' title='bbox 1178 1796 1246 1831; x_wconf 91' lang='lat' dir='ltr'>hu-</span> 
     </span>
     <span class='ocr_line' id='line_1_28' title="bbox 80 1853 1247 1900; baseline 0.001 -10"><span class='ocrx_word' id='word_1_240' title='bbox 80 1865 244 1899; x_wconf 76' lang='lat' dir='ltr'>morem3</span> <span class='ocrx_word' id='word_1_241' title='bbox 265 1854 326 1889; x_wconf 84' lang='lat' dir='ltr'>sed</span> <span class='ocrx_word' id='word_1_242' title='bbox 345 1854 444 1899; x_wconf 87' lang='lat' dir='ltr'>prior</span> <span class='ocrx_word' id='word_1_243' title='bbox 462 1853 635 1900; x_wconf 82' lang='lat' dir='ltr'>allegoria</span> <span class='ocrx_word' id='word_1_244' title='bbox 654 1854 798 1889; x_wconf 84' lang='lat' dir='ltr'>videtur</span> <span class='ocrx_word' id='word_1_245' title='bbox 818 1854 956 1890; x_wconf 89' lang='lat' dir='ltr'>melior.</span> <span class='ocrx_word' id='word_1_246' title='bbox 976 1855 1080 1891; x_wconf 86' lang='lat' dir='ltr'>Nunc</span> <span class='ocrx_word' id='word_1_247' title='bbox 1101 1855 1146 1891; x_wconf 88' lang='lat' dir='ltr'>ad</span> <span class='ocrx_word' id='word_1_248' title='bbox 1169 1855 1247 1891; x_wconf 58' lang='lat' dir='ltr'>liteu</span> 
     </span>
     <span class='ocr_line' id='line_1_29' title="bbox 78 1913 1243 1960; baseline -0.003 -9"><span class='ocrx_word' id='word_1_249' title='bbox 78 1926 158 1951; x_wconf 90' lang='lat' dir='ltr'>ram</span> <span class='ocrx_word' id='word_1_250' title='bbox 188 1914 272 1950; x_wconf 80' lang='lat' dir='ltr'>dicit</span> <span class='ocrx_word' id='word_1_251' title='bbox 304 1917 409 1959; x_wconf 86' lang='lat' dir='ltr'>poeta</span> <span class='ocrx_word' id='word_1_252' title='bbox 442 1913 487 1948; x_wconf 83' lang='lat' dir='ltr'>ad</span> <span class='ocrx_word' id='word_1_253' title='bbox 523 1913 740 1948; x_wconf 79' lang='lat' dir='ltr'>Mathildim:</span> <span class='ocrx_word' id='word_1_254' title='bbox 775 1917 822 1949; x_wconf 72' lang='lat' dir='ltr'>Ta</span> <span class='ocrx_word' id='word_1_255' title='bbox 863 1916 909 1949; x_wconf 70' lang='lat' dir='ltr'>mi</span> <span class='ocrx_word' id='word_1_256' title='bbox 935 1917 989 1960; x_wconf 66' lang='lat' dir='ltr'>sae?</span> <span class='ocrx_word' id='word_1_257' title='bbox 1019 1915 1243 1959; x_wconf 70' lang='lat' dir='ltr'>rimembrar,</span> 
     </span>
     <span class='ocr_line' id='line_1_30' title="bbox 78 1973 1248 2021; baseline -0.001 -10"><span class='ocrx_word' id='word_1_258' title='bbox 78 1975 179 2020; x_wconf 79' lang='lat' dir='ltr'>idest,</span> <span class='ocrx_word' id='word_1_259' title='bbox 210 1973 406 2017; x_wconf 84' lang='lat' dir='ltr'>recordari,</span> <span class='ocrx_word' id='word_1_260' title='bbox 434 1974 533 2016; x_wconf 65' lang='lat' dir='ltr'>‹loz-e,</span> <span class='ocrx_word' id='word_1_261' title='bbox 561 1973 645 2018; x_wconf 86' lang='lat' dir='ltr'>quia</span> <span class='ocrx_word' id='word_1_262' title='bbox 672 1973 767 2019; x_wconf 82' lang='lat' dir='ltr'>apud</span> <span class='ocrx_word' id='word_1_263' title='bbox 795 1974 915 2009; x_wconf 87' lang='lat' dir='ltr'>lacum</span> <span class='ocrx_word' id='word_1_264' title='bbox 944 1975 1116 2021; x_wconf 79' lang='lat' dir='ltr'>Pergusae</span> <span class='ocrx_word' id='word_1_265' title='bbox 1140 1975 1175 2010; x_wconf 96' lang='lat' dir='ltr'>in</span> <span class='ocrx_word' id='word_1_266' title='bbox 1193 1975 1248 2010; x_wconf 89' lang='lat' dir='ltr'>Si-</span> 
     </span>
     <span class='ocr_line' id='line_1_31' title="bbox 77 2030 1249 2082; baseline -0.001 -10"><span class='ocrx_word' id='word_1_267' title='bbox 77 2037 168 2082; x_wconf 83' lang='lat' dir='ltr'>cilia,</span> <span class='ocrx_word' id='word_1_268' title='bbox 202 2047 219 2071; x_wconf 82' lang='lat' dir='ltr'>e</span> <span class='ocrx_word' id='word_1_269' title='bbox 251 2037 335 2081; x_wconf 74' lang='lat' dir='ltr'>qual</span> <span class='ocrx_word' id='word_1_270' title='bbox 366 2046 429 2070; x_wconf 80' lang='lat' dir='ltr'>era</span> <span class='ocrx_word' id='word_1_271' title='bbox 460 2036 691 2079; x_wconf 73' lang='lat' dir='ltr'>Proserpina,</span> <span class='ocrx_word' id='word_1_272' title='bbox 724 2035 759 2069; x_wconf 94' lang='lat' dir='ltr'>in</span> <span class='ocrx_word' id='word_1_273' title='bbox 783 2030 818 2079; x_wconf 74' lang='lat'>(³)</span> <span class='ocrx_word' id='word_1_274' title='bbox 847 2039 965 2081; x_wconf 75' lang='lat' dir='ltr'>aetate,</span> <span class='ocrx_word' id='word_1_275' title='bbox 998 2036 1033 2071; x_wconf 91' lang='lat' dir='ltr'>in</span> <span class='ocrx_word' id='word_1_276' title='bbox 1065 2036 1182 2071; x_wconf 80' lang='lat' dir='ltr'>forma</span> <span class='ocrx_word' id='word_1_277' title='bbox 1214 2040 1249 2071; x_wconf 84' lang='lat' dir='ltr'>et</span> 
     </span>
     <span class='ocr_line' id='line_1_32' title="bbox 77 2095 1248 2142; baseline -0.002 -9"><span class='ocrx_word' id='word_1_278' title='bbox 77 2101 174 2142; x_wconf 84' lang='lat' dir='ltr'>actu,</span> <span class='ocrx_word' id='word_1_279' title='bbox 202 2097 259 2132; x_wconf 73' lang='lat' dir='ltr'>nel</span> <span class='ocrx_word' id='word_1_280' title='bbox 279 2100 403 2142; x_wconf 76' lang='lat' dir='ltr'>tempo,</span> <span class='ocrx_word' id='word_1_281' title='bbox 422 2095 567 2140; x_wconf 79' lang='lat' dir='ltr'>scilicet,</span> <span class='ocrx_word' id='word_1_282' title='bbox 588 2095 694 2140; x_wconf 77' lang='lat' dir='ltr'>veris,</span> <span class='ocrx_word' id='word_1_283' title='bbox 714 2096 772 2129; x_wconf 70' lang='lat' dir='ltr'>elce</span> <span class='ocrx_word' id='word_1_284' title='bbox 791 2097 825 2130; x_wconf 85' lang='lat' dir='ltr'>la</span> <span class='ocrx_word' id='word_1_285' title='bbox 852 2097 988 2140; x_wconf 72' lang='lat' dir='ltr'>madre,</span> <span class='ocrx_word' id='word_1_286' title='bbox 1015 2096 1109 2131; x_wconf 84' lang='lat' dir='ltr'>dicta</span> <span class='ocrx_word' id='word_1_287' title='bbox 1128 2096 1248 2140; x_wconf 80' lang='lat' dir='ltr'>Ceres,</span> 
     </span>
     <span class='ocr_line' id='line_1_33' title="bbox 76 2155 1249 2202; baseline -0.002 -10"><span class='ocrx_word' id='word_1_288' title='bbox 76 2157 228 2202; x_wconf 77' lang='lat' dir='ltr'>percleece</span> <span class='ocrx_word' id='word_1_289' title='bbox 255 2157 309 2199; x_wconf 74' lang='lat' dir='ltr'>lei,</span> <span class='ocrx_word' id='word_1_290' title='bbox 339 2159 477 2201; x_wconf 88' lang='lat' dir='ltr'>raptam</span> <span class='ocrx_word' id='word_1_291' title='bbox 505 2166 526 2190; x_wconf 82' lang='lat' dir='ltr'>a</span> <span class='ocrx_word' id='word_1_292' title='bbox 553 2155 718 2199; x_wconf 84' lang='lat' dir='ltr'>Plutone,</span> <span class='ocrx_word' id='word_1_293' title='bbox 755 2158 786 2190; x_wconf 83' lang='lat' dir='ltr'>el</span> <span class='ocrx_word' id='word_1_294' title='bbox 811 2157 890 2199; x_wconf 81' lang='lat' dir='ltr'>ella,</span> <span class='ocrx_word' id='word_1_295' title='bbox 917 2155 1133 2202; x_wconf 86' lang='lat' dir='ltr'>Proserpina</span> <span class='ocrx_word' id='word_1_296' title='bbox 1166 2166 1249 2201; x_wconf 87' lang='lat' dir='ltr'>per-</span> 
     </span>
    </p>
   </div>
   <div class='ocr_carea' id='block_1_3' title="bbox 141 2249 1123 2317">
    <p class='ocr_par' dir='ltr' id='par_1_3' title="bbox 141 2249 1123 2317">
     <span class='ocr_line' id='line_1_34' title="bbox 141 2249 1123 2280; baseline 0 -7"><span class='ocrx_word' id='word_1_297' title='bbox 141 2250 166 2279; x_wconf 73' lang='lat'>(¹)</span> <span class='ocrx_word' id='word_1_298' title='bbox 187 2252 237 2277; x_wconf 87' lang='lat'>117,</span> <span class='ocrx_word' id='word_1_299' title='bbox 257 2250 371 2273; x_wconf 76' lang='lat' dir='ltr'>obtusior</span> <span class='ocrx_word' id='word_1_300' title='bbox 387 2253 412 2273; x_wconf 84' lang='lat' dir='ltr'>et</span> <span class='ocrx_word' id='word_1_301' title='bbox 432 2250 543 2280; x_wconf 76' lang='lat' dir='ltr'>gravior.</span> <span class='ocrx_word' id='word_1_302' title='bbox 701 2249 727 2279; x_wconf 80' lang='lat'>(²)</span> <span class='ocrx_word' id='word_1_303' title='bbox 744 2249 774 2273; x_wconf 89' lang='lat' dir='ltr'>E.</span> <span class='ocrx_word' id='word_1_304' title='bbox 792 2250 851 2280; x_wconf 84' lang='lat' dir='ltr'>quia</span> <span class='ocrx_word' id='word_1_305' title='bbox 869 2250 964 2273; x_wconf 86' lang='lat' dir='ltr'>humor</span> <span class='ocrx_word' id='word_1_306' title='bbox 982 2252 1042 2273; x_wconf 88' lang='lat' dir='ltr'>tunc</span> <span class='ocrx_word' id='word_1_307' title='bbox 1060 2250 1123 2280; x_wconf 85' lang='lat' dir='ltr'>plus.</span> 
     </span>
     <span class='ocr_line' id='line_1_35' title="bbox 144 2287 475 2317; baseline 0 -6"><span class='ocrx_word' id='word_1_308' title='bbox 144 2287 170 2317; x_wconf 83' lang='lat'>(¹)</span> <span class='ocrx_word' id='word_1_309' title='bbox 187 2287 216 2311; x_wconf 84' lang='lat' dir='ltr'>E.</span> <span class='ocrx_word' id='word_1_310' title='bbox 234 2288 332 2311; x_wconf 82' lang='lat' dir='ltr'>scilicet</span> <span class='ocrx_word' id='word_1_311' title='bbox 349 2288 374 2311; x_wconf 91' lang='lat' dir='ltr'>in</span> <span class='ocrx_word' id='word_1_312' title='bbox 392 2291 475 2311; x_wconf 72' lang='lat' dir='ltr'>aetato.</span> 
     </span>
    </p>
   </div>
  </div>
 </body>
</html>
