1766 2856
517 247 587 279 368
913 250 1118 276 COMENTUM
1145 251 1311 275 PARAmsr

514 327 612 362 illam
645 325 789 361 aridam
825 323 997 369 loquendi
1030 333 1169 368 secum,
1198 327 1234 359 et
1266 323 1342 369 ipse
1375 323 1520 359 volebat
1547 333 1697 359 servare

514 389 737 432 praeceptum
767 384 1016 420 Beatricis.-—
1035 386 1064 419 O
1091 384 1164 419 ben.
1193 384 1297 419 Nunc
1326 384 1461 419 Dantes
1488 383 1588 430 ponit
1614 394 1698 419 ora—

514 446 650 480 tionem
679 455 784 479 suam
813 444 859 480 ad
886 443 1114 488 Pichardam,
1135 443 1170 479 in
1194 454 1268 489 qua
1288 443 1371 479 facit
1393 443 1585 479 exordium
1611 454 1697 479 cum

514 505 688 551 petitione
714 508 840 550 petens
860 504 905 540 de
925 504 1072 539 nomine
1091 507 1127 540 et
1150 504 1372 548 conditione3
1394 503 1491 539 unde
1509 503 1593 539 dicit
1610 514 1696 539 cum

514 564 779 612 gratulatione:
805 566 834 599 Ο
859 564 921 599 ben
948 568 1065 599 creato
1087 566 1223 609 spirits),
1246 564 1331 609 quia
1358 563 1404 599 ad
1431 563 1693 599 beatitudinem

515 625 703 670 destinate,
730 626 789 659 che
816 626 852 659 αι’
877 626 936 659 ναί
961 626 998 659 cli
1026 626 1093 659 cita
1121 628 1253 667 eterna,
1282 624 1383 669 idest,
1411 624 1456 660 ad
1490 624 1610 660 radios
1642 623 1697 659 di-

515 686 609 721 vinae
636 685 774 732 gratiae,
801 687 888 719 senti
914 686 949 719 ta
975 686 1156 729 dolcezza,
1184 684 1285 729 idest,
1309 684 1455 720 dulcem
1484 684 1693 720 fruitionem

516 745 692 782 felicitatis
720 748 878 789 aeternae,
899 745 958 780 elie
975 755 1043 779 non
1063 748 1203 788 ytzstccta
1224 755 1296 779 ‘non
1314 746 1341 779 s’
1356 745 1492 779 intende
1514 746 1611 789 mai,-
1630 754 1698 780 no-

516 809 636 841 tanter
662 805 756 849 dicit,
785 805 871 850 quia
899 814 971 840 non
1000 805 1099 840 novit
1127 804 1244 840 mellis
1271 804 1501 840 dulcedinem
1530 804 1592 850 qui
1623 805 1695 840 mel

516 877 587 901 non
614 865 791 912 gustavitg
821 865 903 900 hinc
936 868 991 900 est
1023 865 1121 911 quod
1158 865 1363 911 voluptates
1395 864 1581 900 sensibiles
1616 865 1697 910 plus

515 928 695 963 delectant
723 937 787 962 uos
815 937 926 972 quam
956 926 1072 962 virtus
1099 927 1157 962 vel
1184 926 1349 971 felicitas,
1374 926 1455 962 ideo
1478 926 1613 962 Paulus
1634 925 1697 971 qui

515 991 728 1035 gustaverat
754 987 799 1023 de
826 987 891 1022 ista
919 987 1122 1032 dulcedine,
1151 986 1313 1022 dicebat:
1346 987 1453 1032 cupio
1488 985 1635 1021 dissolvi
1661 990 1698 1021 et

516 1058 595 1084 esse
614 1058 699 1083 cum
720 1047 879 1092 Christo,
899 1049 1069 1091 yrazz'oso
1088 1048 1134 1081 mi
1148 1048 1212 1091 fia,
1228 1047 1329 1092 idest,
1350 1046 1419 1082 erit
1438 1046 1525 1081 mihi
1546 1046 1592 1081 ad
1610 1055 1698 1092 gra-

516 1109 603 1144 tiam
632 1108 869 1155 singularem,
897 1119 933 1143 se
960 1109 1007 1143 mi
1032 1109 1180 1142 contenti
1211 1109 1267 1143 del
1297 1118 1398 1142 nome
1424 1110 1495 1147 tuo,
1525 1110 1565 1141 ut
1592 1116 1698 1142 reco-

516 1179 690 1216 gnoscam
719 1172 766 1213 te,
795 1168 880 1213 quia
908 1168 1041 1203 videris
1070 1177 1335 1214 recognoscere
1368 1177 1438 1212 me,
1467 1178 1484 1201 e
1517 1168 1608 1201 della
1638 1177 1698 1201 vo—

515 1234 591 1264 stra
617 1233 722 1272 sorte,
750 1228 835 1274 quia
863 1228 1055 1264 audiverat
1082 1228 1179 1273 quod
1217 1231 1322 1263 erant
1350 1228 1521 1274 relegatae
1555 1227 1591 1262 in
1618 1227 1698 1262 loco

516 1289 678 1326 inferiori
706 1299 750 1325 ex
773 1288 916 1324 defectu
943 1289 1025 1324 voti.
1042 1309 1090 1313 —
1108 1289 1196 1324 Oml'
1211 1289 1288 1323 ella.
1309 1288 1372 1323 Hic
1391 1291 1500 1323 autor
1519 1287 1619 1333 ponit
1638 1297 1698 1322 re-

516 1351 747 1397 sponsionem
776 1349 962 1385 Pichardae
989 1349 1033 1385 ad
1061 1359 1112 1394 se,
1140 1359 1224 1394 quae
1241 1349 1360 1395 primo
1383 1348 1569 1395 praemittit
1588 1358 1698 1384 exor-

516 1411 630 1456 dium,
658 1410 788 1446 deinde
816 1410 1064 1446 narrationem
1085 1410 1174 1446 eius.
1195 1409 1297 1446 Unde
1318 1409 1534 1445 continuans
1551 1405 1587 1454 (¹)
1615 1409 1698 1445 dicit

516 1474 642 1517 poeta:
677 1472 765 1506 Oml’
779 1472 858 1515 ella,
888 1470 1023 1506 scilicet
1043 1470 1233 1515 Picharda,
1247 1473 1382 1515 promta
1409 1481 1426 1505 e
1452 1480 1518 1505 con
1536 1471 1699 1504 0661ῑίνὶ-

515 1533 620 1576 denti,
652 1530 836 1576 respondit
864 1531 1019 1566 libenter
1042 1531 1110 1565 sub
1132 1531 1200 1566 hac
1224 1530 1342 1566 forma
1369 1534 1520 1577 tangens
1547 1540 1698 1566 causam

515 1602 592 1627 suae
614 1592 724 1637 Justae
752 1591 995 1636 responsionis
1023 1590 1067 1626 ad
1085 1586 1119 1634 (²)
1145 1591 1283 1636 Justam
1307 1591 1540 1637 petitionem:
1569 1592 1605 1626 la
1631 1601 1697 1626 ηο-

515 1656 591 1686 stra
617 1646 743 1694 caries),
766 1650 912 1695 scilicet,
933 1651 1140 1695 beatorum,
1161 1661 1230 1685 ηοη
1250 1661 1353 1685 serra
1368 1655 1484 1695 porte,
1503 1651 1607 1696 idest,
1627 1661 1699 1686 non

516 1711 664 1747 obturat
690 1721 811 1755 aures,
840 1721 862 1745 α
888 1712 1002 1754 §iusta
1036 1712 1163 1755 coylz'a,
1195 1714 1229 1746 et
1257 1720 1344 1746 ecce
1371 1721 1534 1755 causam,
1562 1721 1598 1745 se
1625 1720 1698 1745 non

516 1782 611 1806 come
644 1772 769 1816 quella,
802 1770 947 1815 scilicet,
981 1770 1113 1806 caritas
1140 1770 1272 1815 divina,
1305 1771 1364 1805 che
1393 1772 1489 1806 nicole
1515 1774 1600 1805 tutta
1631 1781 1697 1806 sua

517 1836 623 1877 corte,
654 1831 755 1871 idest,
784 1831 1010 1866 voluntatem
1040 1831 1206 1866 omnium
1235 1831 1444 1876 beatorum,
1463 1833 1573 1866 simile
1599 1842 1622 1866 α
1648 1829 1697 1875 se*5

518 1892 621 1937 sicut,
650 1892 724 1938 ipsa
753 1891 929 1927 Picharda
963 1891 1082 1926 suerat
1118 1895 1267 1937 experta
1303 1891 1339 1926 in
1373 1902 1411 1927 se
1447 1891 1522 1937 ipsa
1556 1891 1591 1926 in
1624 1891 1696 1927 vita

520 1952 674 1997 mortali,
703 1951 789 1997 quia
812 1952 911 1997 Justa
939 1951 1100 1997 precatio
1133 1961 1198 1986 sua
1233 1951 1352 1987 fuerat
1384 1951 1554 1986 exaudita
1586 1961 1697 1997 super

518 2016 603 2048 voto
630 2012 872 2057 continentiae‚
902 2015 941 2047 ut
963 2012 1040 2058 Jam
1069 2011 1205 2046 dictum
1235 2015 1298 2047 est.
1328 2011 1370 2045 Et
1396 2011 1565 2046 describit
1591 2021 1629 2046 se
1650 2011 1696 2047 ab

520 2072 656 2116 babitu,
686 2072 821 2108 virtute
848 2074 883 2107 et
911 2071 1059 2107 nomine
1086 2082 1165 2116 suo,
1193 2071 1335 2106 dicens:
1358 2072 1391 2105 io
1406 2072 1460 2116 fui
1482 2071 1538 2105 net
1555 2071 1697 2115 mondo,

519 2132 665 2177 scilicet,
695 2132 851 2176 mortali,
881 2133 1032 2175 veryine.
1060 2131 1112 2166 Ad
1140 2131 1237 2177 quod
1266 2135 1349 2166 nota
1384 2130 1482 2176 quod
1510 2131 1698 2178 virginitas

519 2195 573 2227 est
602 2192 745 2227 habitus
763 2192 939 2228 electivus
958 2192 1173 2239 integritatis
1191 2191 1354 2237 corporis
1373 2191 1611 2227 observandae
1633 2202 1698 2238 per

582 2322 608 2351 ιζ’)
627 2322 661 2347 S..
680 2322 708 2345 E.
727 2328 740 2345 e
759 2324 780 2350 4,
799 2321 870 2345 Unde
889 2322 1062 2345 continuative
1080 2322 1148 2346 dicit.
1304 2323 1329 2352 (²)
1344 2323 1373 2346 E.
1391 2322 1422 2346 ad
1439 2328 1512 2345 suam
1525 2322 1632 2352 justam.
