1766 2856
505 231 575 262 2⁶24
871 231 1074 258 COMENTUM
1100 230 1319 257 PURGATORII

505 445 669 479 GANTUS
689 443 952 476 TRIGESIMUS
970 443 1141 483 PRIMUS,
1160 444 1214 475 ubi
1234 453 1340 475 coram
1354 443 1505 475 Bcatrice
1523 443 1684 484 confessus

581 504 625 533 est
638 511 700 541 pro
717 501 859 532 ommibus
875 500 942 531 suis
958 500 1058 540 culpis
1084 500 1122 531 ab
1147 510 1181 531 eo
1205 500 1302 539 factis
1317 502 1427 531 contra
1445 499 1634 537 Beati-icem,
1652 502 1681 531 et

582 557 732 598 quomodo
756 557 892 594 domina,
911 566 1004 596 (fitam
1021 556 1118 596 prices
1141 557 1268 594 invenit,
1287 566 1355 587 enm
1378 555 1470 587 duxit
1492 558 1521 587 et
1544 556 1683 588 transire

581 614 656 653 fecit
678 613 804 651 flumen,
830 615 858 644 et
881 613 986 652 ipsum
1009 611 1116 643 taliter
1141 613 1222 643 arsit
1251 612 1332 652 quod
1357 611 1433 643 bibit
1457 612 1494 643 (le
1519 622 1556 643 ea
1582 621 1683 652 aqua:

583 672 611 700 et
633 669 668 700 in
691 669 754 708 fine
785 668 896 700 ductus
927 670 973 699 est
998 678 1058 707 per
1089 667 1179 698 {Ham
1210 670 1239 699 et
1269 668 1352 699 alias
1382 670 1517 708 quatuor
1540 667 1685 699 dominas

583 735 689 757 coram
712 725 861 756 Beatrice
885 726 1035 765 royantes
1059 734 1127 755 eccm
1144 733 1209 763 pro
1234 723 1352 756 Dante.

580 861 667 942 Ε
690 917 737 940 TU
757 908 816 941 che
833 908 878 941 se’
893 908 930 941 cli
949 901 983 941 [ἁ
1001 907 1064 941 dal
1075 908 1181 951 fizcme
1198 916 1314 941 sacro.
1333 906 1533 952 Postquam
1560 907 1597 941 in
1624 916 1687 941 su-

505 967 639 1015 periori
667 967 825 1013 capitulo
854 970 959 1013 poeta
980 970 1103 1002 noster
1124 967 1312 1013 descripsit
1334 966 1545 1002 mordacem
1566 967 1686 1002 incre-

506 1029 688 1075 pationem
717 1027 891 1063 Beatricis
918 1027 963 1063 ad
989 1038 1028 1063 se
1047 1028 1082 1062 in
1101 1027 1277 1074 generali,
1298 1038 1395 1063 nunc
1417 1031 1686 1073 consequenter

506 1089 541 1124 in
570 1089 636 1124 isto
663 1088 821 1134 capitulo
840 1088 956 1122 xxxi
975 1087 1075 1133 ponit
1093 1087 1380 1133 increpationem
1399 1087 1563 1123 eiusdem
1584 1097 1686 1122 mor-

507 1149 693 1185 daciorem
721 1148 757 1183 in
784 1148 939 1194 speciali.
969 1148 1010 1183 Et
1037 1158 1197 1194 praesens
1231 1147 1430 1193 capitulum
1458 1150 1576 1194 potest
1602 1147 1686 1182 hre-

508 1210 601 1246 viter
627 1208 735 1245 dividi
763 1208 799 1243 in
825 1211 985 1254 quatuor
1012 1213 1133 1254 partes
1159 1207 1360 1254 generales.
1390 1208 1428 1242 In
1446 1207 1565 1253 prima
1592 1217 1686 1252 qua-

508 1281 592 1305 rum
626 1269 772 1305 Beatrix
809 1268 992 1314 compellit
1023 1268 1177 1303 Dantem
1211 1267 1257 1302 ad
1291 1267 1539 1303 confitendum
1574 1277 1684 1302 suum

507 1340 673 1366 errorem
695 1333 730 1365 et
748 1329 885 1365 erroris
909 1339 1050 1364 causas.
1070 1329 1109 1363 In
1127 1327 1287 1363 secunda
1305 1327 1428 1375 arguit
1451 1331 1486 1363 et
1505 1327 1686 1364 convincit

506 1400 594 1426 eum
626 1390 724 1436 quod
758 1400 830 1425 non
863 1389 1032 1425 debuerit
1065 1389 1115 1424 sic
1150 1398 1305 1433 errasse,
1337 1388 1405 1423 ibi:
1438 1389 1606 1423 Tattavia.
1647 1387 1687 1422 In

508 1451 612 1487 tertia
640 1452 746 1496 poeta
766 1449 921 1485 ostendit
941 1449 1098 1494 qualiter
1119 1448 1298 1494 poenitens
1317 1447 1427 1484 fuerit
1445 1448 1541 1484 lotus
1562 1447 1598 1482 in
1617 1447 1687 1482 tlu-

507 1511 617 1555 mine⁷
636 1513 672 1545 et
690 1509 896 1556 assignatus
914 1509 1144 1553 dominabus,
1167 1508 1234 1543 ibi:
1258 1511 1289 1543 E
1308 1518 1414 1543 come.
1434 1509 1473 1543 In
1496 1511 1628 1553 quarta
1650 1511 1686 1543 et

508 1570 635 1606 ultima
662 1569 817 1605 ostendit
843 1569 1029 1614 quomodo
1048 1568 1257 1614 pervenerit
1283 1568 1320 1603 in
1347 1568 1601 1614 perfectiorem
1621 1578 1685 1603 co-

505 1631 706 1677 gnitionem
734 1629 917 1673 Beatricis,
946 1629 1013 1664 ibi:
1045 1625 1121 1663 Cos}
1148 1629 1336 1663 cantando.
1357 1628 1409 1663 Ad
1431 1628 1593 1674 primum
1622 1638 1687 1664 ve-

507 1691 620 1735 niens,
648 1690 739 1735 dico,
767 1690 866 1736 quod
890 1689 1036 1725 Beatrix
1056 1689 1209 1734 requirit
1235 1699 1257 1724 a
1284 1693 1392 1735 poeta
1420 1689 1684 1725 consessionem

508 1752 563 1787 sui
590 1751 726 1787 erroris
753 1754 789 1787 et
816 1761 966 1795 causas;
995 1753 1031 1785 et
1060 1749 1178 1795 primo
1211 1749 1344 1785 faciens
1371 1749 1683 1785 continuationem

507 1812 662 1848 ostendit
688 1811 957 1858 dispositionem
986 1810 1158 1846 Beati-icis
1185 1813 1313 1845 contra
1338 1821 1386 1846 se.
1415 1810 1468 1845 Ad
1495 1809 1593 1855 quod
1620 1819 1687 1845 no-

508 1873 672 1918 tandum,
700 1872 798 1918 quod
826 1872 919 1908 sicut
945 1874 1043 1917 patet
1070 1881 1115 1906 ex
1148 1870 1368 1916 praecedenti
1395 1869 1564 1916 capitulo,
1596 1869 1682 1905 dum

507 1937 614 1980 poeta
635 1934 858 1980 deplorasset
876 1928 911 1976 (¹)
937 1941 1124 1967 recessum
1140 1930 1289 1977 Virgilii,
1310 1929 1455 1966 Beatrix
1477 1930 1612 1965 minata
1632 1933 1686 1965 est

507 1994 572 2029 sihi
601 1993 698 2039 quod
725 1993 886 2039 ploraret
912 2002 978 2038 per
1004 1991 1112 2027 aliam
1140 1994 1294 2037 spatam,
1323 1990 1419 2036 quod
1452 1990 1588 2025 factum
1620 1993 1685 2034 est,

508 2054 654 2099 quando
673 2053 747 2099 ipsa
767 2052 953 2099 respondit
974 2051 1132 2098 angelis,
1159 2051 1221 2087 sed
1241 2054 1328 2086 tunc
1347 2050 1512 2085 exercuit
1533 2052 1685 2096 spatam,

507 2113 599 2149 idest
625 2113 800 2160 linguam,
829 2113 963 2158 caesim,
992 2123 1089 2148 nunc
1120 2122 1210 2148 vero
1243 2111 1353 2157 coepit
1384 2120 1560 2146 exercere
1587 2110 1684 2145 illam

507 2174 683 2220 punctim,
704 2174 801 2219 quod
822 2178 876 2209 est
902 2173 1039 2225 durius.
1068 2172 1170 2208 Unde
1195 2175 1280 2207 nota
1304 2170 1469 2215 ulterius,
1490 2169 1587 2215 quod
1608 2180 1686 2205 me-

573 2303 600 2333 (¹)
619 2305 671 2331 117,
690 2302 835 2333 deploraret
855 2309 994 2326 recessum.
