1766 2856
507 243 576 274 272
867 247 1070 273 COMENTUM
1096 248 1314 273 PURGATORII

504 321 609 355 multi
637 320 764 356 famosi
791 319 983 364 florentini,
1012 319 1105 355 sicut
1131 319 1301 355 dominus
1329 319 1479 356 Cursius
1506 322 1678 357 Donatus.

504 381 607 415 Modo
633 380 677 415 ad
705 380 931 425 propositum
959 379 1043 415 dicit
1062 380 1206 416 Beatrix
1231 379 1328 425 quod
1351 380 1505 417 vindicta
1525 383 1588 417 Dei
1608 393 1680 418 non

504 440 606 475 timet
641 450 784 485 suppas,
812 440 915 485 quasi
948 440 1052 485 (licat,
1086 440 1183 486 quod
1218 440 1318 476 fraus
1355 442 1412 476 vel
1444 442 1578 478 malitia
1605 453 1677 478 non

503 500 598 535 valet
625 503 752 536 contra
783 501 912 545 Deum,
947 500 1010 545 qui
1044 504 1096 536 est
1123 497 1297 546 jilstus(¹)
1327 500 1442 546 Judex
1479 505 1515 537 et
1548 502 1680 538 vindex

503 561 732 596 iniuriarum.
759 561 850 596 Nota
878 561 987 596 etiam
1023 561 1121 606 quod
1148 561 1206 596 alii
1234 561 1339 597 aliter
1366 566 1554 607 exponunt
1581 562 1679 598 illam

503 621 645 657 literam
670 623 709 666 fec
736 632 754 655 e
779 632 847 655 non
877 619 914 665 (ὴ-
942 624 978 656 et
1004 621 1128 656 dicunt
1155 621 1253 666 quod
1281 621 1431 657 ecclesia
1460 632 1532 657 non
1561 625 1616 657 est
1643 622 1679 657 in

502 681 651 726 antiqua
679 681 911 727 dispositione
943 691 1020 725 sua,
1049 681 1142 716 sicut
1173 680 1239 715 fuit
1270 684 1355 716 ante
1390 682 1676 718 Machomettum

503 745 538 777 et
562 744 639 786 post
657 741 890 776 donationem
913 740 1154 783 Constantini3
1182 751 1267 775 nam
1295 751 1428 776 currus
1454 745 1540 777 tunc
1560 745 1678 778 trans-

503 801 673 836 formavit
705 811 767 835 se:
799 801 861 836 sed
893 800 958 835 ista
987 800 1162 846 expositio
1190 800 1334 836 videtur
1362 802 1467 837 nimis
1499 813 1518 837 a
1552 803 1676 848 longe:

502 861 598 896 unde
626 861 729 895 litera
757 871 840 905 quae
867 860 988 895 statim
1015 860 1182 905 sequitur
1208 861 1363 896 ostendit
1385 861 1483 906 quod
1505 862 1677 907 loquatur

500 921 545 956 ‹le
572 921 728 966 gigante.
746 941 794 945 —
810 923 898 955 Non.
920 920 983 956 Hic
1002 921 1148 956 Beatrix
1167 920 1335 956 describit
1356 921 1391 955 in
1410 921 1553 967 speciali
1574 921 1675 956 illurn

501 981 562 1026 qui
591 980 753 1016 facturus
781 983 835 1016 est
861 980 1055 1016 vindictam
1079 980 1123 1016 de
1143 981 1282 1016 iniuriis
1302 981 1480 1026 ecclesiae3
1501 985 1538 1016 et
1556 982 1592 1016 in
1612 982 1677 1018 ista

501 1041 616 1085 litera,
633 1051 715 1086 quae
731 1041 853 1075 multis
873 1041 1017 1076 videtur
1038 1040 1243 1085 fortissima,
1264 1045 1369 1087 poeta
1391 1052 1461 1077 non
1482 1042 1557 1077 vult
1579 1042 1677 1077 aliud

501 1100 623 1136 dicere
650 1100 910 1136 sententialiter
938 1100 974 1135 in
1001 1100 1145 1145 effectu,
1166 1101 1231 1136 nisi
1252 1102 1350 1146 quod
1378 1112 1449 1137 non
1479 1106 1558 1147 post
1581 1102 1678 1137 mul-

501 1163 578 1194 tum
610 1160 783 1205 temporis
810 1161 930 1196 veniet
957 1171 1002 1196 ex
1030 1161 1102 1196 alta
1127 1161 1349 1206 providentia
1370 1162 1432 1197 Dei
1453 1166 1488 1197 et
1508 1162 1602 1197 bona
1621 1162 1676 1197 in-

501 1220 649 1255 fluentia
677 1220 864 1255 stellarum
890 1220 1039 1265 quidam
1063 1221 1184 1266 justus
1216 1221 1381 1267 princeps
1409 1232 1585 1257 romanus
1613 1222 1675 1268 qui

502 1281 636 1315 virtute
655 1284 691 1315 et
718 1280 886 1316 felicitate
913 1291 979 1316 sua
1008 1281 1220 1316 reformabit
1249 1281 1429 1316 mundum
1451 1282 1675 1318 restituendo

500 1340 690 1376 ecclesiam
719 1341 878 1386 pristinae
905 1341 1072 1385 libertati‚
1101 1341 1379 1376 exterminando
1407 1352 1532 1388 regem
1560 1343 1675 1378 Fran-

499 1401 574 1435 ciae.
592 1401 680 1436 Dicit
697 1411 805 1447 ergo:
822 1402 1002 1444 l’afflzylc‘a,
1023 1401 1123 1445 idest,
1145 1401 1339 1447 imperium
1360 1412 1568 1447 romanum⁷
1589 1413 1672 1439 nam

499 1471 563 1506 per
590 1461 735 1507 signum
763 1461 824 1496 dat
850 1461 997 1507 intelligi
1027 1461 1223 1507 signatum7
1246 1463 1304 1496 che
1323 1459 1429 1497 lasci&
1457 1464 1486 1497 le
1506 1473 1620 1507 penne
1639 1465 1676 1498 al

497 1532 618 1565 carro,
646 1521 714 1556 sub
731 1517 766 1565 ὃ)
794 1521 1028 1556 Constantino
1057 1522 1118 1566 qui
1146 1522 1283 1557 dotavit
1308 1523 1510 1567 ecclesiam,
1536 1521 1673 1568 perche)

498 1581 597 1626 idest,
626 1585 774 1626 propter
801 1591 912 1625 quam
941 1581 1063 1616 dotem
1092 1581 1166 1626 ipse
1193 1592 1336 1627 currus,
1365 1584 1510 1617 (le'renne
1529 1587 1672 1627 mosera,

496 1652 581 1676 cum
602 1644 739 1686 septem
760 1641 937 1686 capitibus
957 1644 992 1675 et
1014 1640 1140 1676 decem
1169 1641 1352 1686 cornibus,
1372 1653 1389 1676 e
1404 1645 1525 1686 μωρία
1542 1645 1672 1687 preda,

497 1701 589 1736 sacta
608 1711 629 1735 a
648 1701 807 1746 gigante,
824 1711 891 1734 non
907 1695 993 1734 sard
1009 1704 1090 1735 tullo
1105 1705 1215 1746 tempo
1233 1712 1340 1736 senza
1356 1704 1456 1746 reda,
1472 1703 1571 1747 idest,
1591 1703 1669 1739 sine

496 1770 708 1796 successore
727 1760 959 1805 imperatore,
976 1760 1068 1795 sicut
1088 1771 1183 1795 nunc
1207 1765 1259 1795 est
1271 1775 1284 1805 ,·
1304 1772 1389 1797 nam
1413 1766 1579 1808 tempore
1602 1763 1673 1798 Bo-

497 1820 612 1855 nisacii
630 1820 751 1855 nullus
766 1823 845 1855 erat
865 1820 1074 1865 imperator,
1091 1820 1155 1855 nisi
1172 1821 1340 1856 Albertus
1356 1826 1507 1858 vocatus
1522 1823 1583 1868 qui
1600 1833 1671 1857 non

496 1880 593 1915 venit
612 1880 656 1915 ad
678 1880 900 1915 liberandam
922 1880 1070 1924 ltaliam,
1086 1880 1131 1915 de
1153 1892 1226 1925 quo
1247 1885 1351 1926 poeta
1371 1886 1594 1927 conquestus
1616 1886 1669 1917 est

495 1940 538 1975 Vl
566 1941 724 1986 capitulo
752 1940 859 1974 liuius
886 1940 1103 1986 Purgatorii.
1126 1941 1167 1975 Et
1187 1941 1242 1976 liic
1264 1945 1348 1976 nota
1373 1941 1470 1986 quod
1489 1945 1597 1977 caute
1616 1942 1670 1978 lo—

494 2001 620 2045 quitur
647 2001 703 2036 hic
731 2005 855 2047 poeta:
891 2000 968 2035 vult
1002 2000 1098 2036 enim
1133 2000 1255 2036 (licere
1287 2001 1412 2036 tacite:
1447 2002 1540 2037 sicut
1574 2012 1670 2036 unus

495 2061 694 2106 imperator
723 2072 897 2096 romanus
924 2060 1020 2095 dedit
1039 2061 1192 2106 plumas7
1213 2060 1312 2105 idest,
1332 2061 1473 2097 divitias
1492 2061 1668 2106 ccclesiae,

494 2132 538 2155 ex
568 2121 700 2165 quibus
729 2124 812 2156 nata
839 2125 893 2156 est
922 2120 1084 2156 insatiata
1117 2120 1269 2155 avaritia
1304 2120 1553 2166 przclatormn,
1588 2131 1670 2166 quae

494 2184 547 2216 est
574 2181 772 2216 destructio
800 2181 938 2225 mundi,
967 2181 1021 2215 ita-
1042 2180 1190 2225 quidam
1213 2180 1305 2215 alins
1324 2181 1524 2226 imperator
1545 2191 1669 2216 roma—

556 2311 583 2340 Γ)
604 2312 653 2334 117.
669 2310 753 2339 justus
772 2310 925 2339 r1=x‚j11dox.
1117 2309 1143 2338 ἸῚ)
1164 2310 1191 2332 E.
1211 2311 1317 2333 subaudi
1334 2310 1508 2333 Constantino.
