1737 2836
482 267 618 292 (ΑΝ-Τις
646 263 788 292 sExTUS.
1150 259 1215 291 431

44 340 141 376 Decii
169 340 231 385 qui
259 350 297 375 se
324 343 451 386 sponte
479 342 731 384 exposuerunt
760 338 866 373 morti
894 348 960 384 pro
988 337 1138 373 victoria
1165 338 1221 372 sui

44 400 239 445 exercitus,
268 400 402 435 scilicet
425 399 555 435 Decius
574 403 678 445 pater
697 397 845 444 collega'
864 398 1039 443 Torquati
1067 398 1101 432 in
1129 397 1222 433 bello

44 461 154 496 latino
182 461 226 496 de
253 471 326 506 quo
348 461 425 507 jam
461 459 598 495 (lictum
634 462 707 503 est;
741 462 776 493 et
809 458 940 493 Decius
968 457 1062 493 filius
1093 457 1155 503 qui
1187 457 1221 492 in

45 521 139 556 bello
168 525 271 556 tusco
290 520 596 567 periculosissimo
616 519 777 554 inclusus
797 518 831 553 in
852 519 945 554 valle
968 519 1137 564 exemplo
1160 529 1223 564 pa-

47 581 110 616 tris
137 591 175 616 se
202 581 357 616 devovit.
386 580 439 615 Ad
465 579 709 626 coguitionem
738 578 934 613 Fabiorum
956 582 1009 614 est
1032 578 1219 614 sciendum

46 641 143 686 quod
171 641 263 676 sicut
291 644 389 687 patet
415 650 480 686 per
513 639 653 674 Livium
683 638 774 673 libro
794 638 833 683 Il,
863 638 996 673 familia
1023 638 1219 673 Fabiorum

47 701 112 735 fuit
145 701 376 736 numerosior
403 699 542 735 caeteris
576 699 611 733 in
646 698 761 743 urbe3
796 708 879 734 nam
914 698 1067 733 tercenti
1095 701 1130 733 et
1157 707 1219 732 sex

47 761 144 796 Fabii
173 761 239 796 viri
269 761 407 807 patricii
436 760 597 806 probatae
617 758 760 794 virtutis
782 768 910 794 omnes
930 758 1222 803 impetraverunt

45 832 66 857 a
93 824 222 856 senatu
251 831 381 867 gerere
410 820 546 855 bellum
575 822 701 854 contra
733 818 901 854 Veientes
932 817 1084 863 propriis
1119 817 1222 852 labo-

47 881 146 916 ribus
174 884 208 916 et
236 881 424 926 expensis:
454 884 487 915 et
516 880 608 914 sacta
635 878 763 914 bastita
791 881 917 913 contra
937 877 1137 913 Veientiam
1158 888 1222 912 va-

46 941 189 976 stabant
216 940 339 976 omnia
367 940 538 975 facientes
567 949 698 985 magna
722 938 866 974 damna.
887 937 1046 973 Tandem
1078 937 1223 973 incaute

46 1004 250 1047 pugnantes
278 1000 384 1035 nimis
411 999 564 1035 animosi
592 1009 762 1034 successu
792 998 1041 1043 victoriarum,
1062 998 1222 1032 circum-

47 1061 142 1097 venti
172 1061 305 1095 insidiis
333 1070 461 1095 omnes
488 1058 655 1094 trucidati
684 1063 768 1093 sunt
796 1068 914 1103 usque
941 1058 985 1092 ad
1014 1068 1142 1092 unum.
1163 1057 1223 1092 His

47 1121 249 1166 praemissis,
277 1121 322 1156 ad
349 1121 490 1155 literam
520 1119 730 1163 veniamus;
753 1118 836 1154 dicit
858 1118 1101 1153 Justinianus:
1127 1119 1224 1152 Onde

52 1183 239 1225 Torquato,
276 1180 419 1215 videtur
454 1189 519 1225 per
553 1179 805 1215 excellentiam
844 1178 1045 1224 intelligere
1083 1178 1127 1213 de
1163 1177 1223 1212 illo

45 1241 230 1286 Torquato
258 1241 320 1286 qui
347 1240 443 1275 dedit
471 1250 604 1275 nomen
624 1239 769 1283 domni3
790 1239 845 1274 vel
865 1238 921 1273 dic
941 1238 1037 1283 quod
1061 1237 1223 1283 loquitur

47 1301 147 1347 large
174 1301 218 1336 de
247 1301 381 1335 familia
408 1300 694 1345 Torquatorum,
713 1299 758 1334 de
780 1309 854 1344 qua
877 1299 981 1333 multi
1002 1298 1151 1334 fuerunt
1173 1297 1223 1332 ri—

45 1360 115 1407 gidi
136 1364 274 1406 patres;
303 1371 319 1394 e
350 1361 509 1402 Quinzz'o,
538 1360 603 1394 iste
631 1359 696 1393 fuit
723 1358 1002 1405 cognominatus
1029 1358 1221 1393 Cincinna—

47 1424 103 1455 tus
131 1431 151 1455 a
176 1420 401 1466 capillatura,
422 1419 507 1464 quia
527 1419 693 1464 portabat
712 1418 858 1464 capillos
876 1418 1120 1464 dependentes
1139 1421 1224 1453 ante

45 1481 183 1525 oculos,
213 1491 297 1515 nam
326 1479 481 1515 curabat
508 1479 552 1513 de
581 1478 716 1513 virtute
744 1479 924 1522 multum;
947 1478 992 1513 de
1018 1478 1117 1513 cultu
1141 1488 1224 1513 cor-

46 1540 142 1586 poris
172 1540 275 1574 nihil:
306 1539 385 1575 ideo
413 1539 517 1573 dicit:
546 1540 604 1572 che
628 1540 668 1583 fec
696 1542 836 1572 nonealo
863 1539 925 1573 dal
949 1539 1045 1572 cirre
1063 1539 1221 1582 wlegylello,

45 1600 148 1644 idest,
171 1611 191 1635 a
220 1599 348 1644 capillo
377 1609 488 1644 quem
518 1598 749 1644 11egligebat;
778 1608 861 1633 nam
888 1598 1005 1633 cirrus
1033 1602 1087 1633 est
1114 1597 1225 1644 capil-

49 1661 102 1695 lus
130 1660 328 1704 atiltratus3
361 1670 378 1693 e
413 1661 424 1693 ί
457 1660 564 1702 Decii,
595 1658 730 1693 scilicet
762 1658 836 1693 duo
864 1658 1023 1704 praedicti
1059 1661 1162 1704 pater
1189 1661 1224 1693 et

50 1720 152 1755 filius.
189 1720 325 1755 Tullius
366 1723 487 1754 tamen
528 1718 623 1753 addit
661 1718 822 1763 tertium,
851 1721 887 1753 et
917 1718 1001 1753 dicit
1029 1717 1126 1763 quod
1153 1717 1224 1753 De—

48 1780 123 1814 vius
145 1790 256 1824 nepos
275 1789 313 1814 se
332 1778 478 1814 devovit
506 1778 541 1812 in
568 1778 661 1813 hello
686 1781 812 1813 contra
836 1778 1031 1824 Pyrrhum,
1050 1788 1067 1812 e
1088 1779 1101 1812 i
1124 1777 1223 1820 Fabi,

48 1839 91 1875 ‹le
118 1839 185 1873 ista
212 1838 411 1873 clarissima
436 1837 568 1872 familia
602 1838 666 1872 suit
699 1837 831 1873 Fabius
865 1837 1049 1873 maximus
1081 1837 1136 1872 vir
1166 1848 1223 1872 sa-

50 1898 304 1945 pientissimus,
333 1898 395 1942 qui
423 1901 589 1942 tempore
617 1897 823 1932 Hannibalis
858 1897 1011 1932 Romam
1047 1895 1223 1931 tardando

49 1959 264 2003 substinuit3
294 1958 391 1993 unde
419 1961 569 1993 vocatus
597 1961 650 1992 est
677 1960 881 2001 cunctator,
910 1956 1010 2001 idest,
1040 1956 1222 1990 tardator:

49 2030 177 2055 omnes
206 2020 252 2064 hi,
275 2020 375 2053 ebher
404 2020 437 2053 (a
462 2021 561 2063 sarna
588 2018 646 2051 che
676 2018 842 2051 volentior
870 2017 994 2060 mirre,
1016 2015 1117 2059 idest,
1136 2025 1224 2050 con-

50 2079 130 2115 ticio
150 2083 186 2115 et
205 2089 384 2115 conservo
407 2089 492 2113 cum
514 2077 587 2112 istis
610 2077 785 2111 versibus.
806 2076 950 2121 Myrrha
970 2075 1066 2110 enim
1089 2078 1142 2109 est
1159 2085 1224 2121 ge-

50 2150 117 2174 nus
154 2139 365 2174 aromatica}
405 2148 579 2185 guiumar),
612 2147 684 2181 qua
716 2135 917 2180 antiquitus
951 2135 1225 2180 inungebantur

50 2209 205 2244 corpora
234 2209 364 2245 regum
395 2201 628 2233 mortuorum
654 2199 692 2231 ut
715 2198 1028 2241 proeservarentur
1050 2205 1070 2229 a
1098 2198 1224 2240 putre—

51 2259 226 2303 factione3
253 2262 289 2294 et
316 2259 363 2294 ita
392 2259 469 2293 vult
495 2258 616 2292 dicere
642 2256 787 2292 celebro
808 2256 961 2291 libenter
983 2255 1117 2290 samam
1138 2255 1224 2289 isto—

52 2330 133 2354 rum
163 2318 462 2365 perpetuandam,
491 2317 574 2363 quia
603 2320 637 2351 et
665 2327 734 2362 ego
761 2316 926 2362 princeps
950 2326 1124 2350 romanus
1144 2325 1224 2350 ma—
