1737 2836
403 216 540 242 CANTUS
567 218 761 243 VIGESIMUS
787 217 929 243 PRIMUS.
1228 215 1247 244 ’7

81 286 253 332 principio
280 286 386 323 datus
413 291 464 323 est
494 289 628 324 bomini
658 290 835 325 terminus
854 290 1007 325 vivendi.
1028 291 1102 326 Hoc
1124 295 1248 327 autem

81 350 197 381 totum
226 357 297 381 non
325 348 403 382 vult
429 348 526 383 aliud
553 349 674 384 dicere
694 350 758 384 nisi
782 350 879 394 quod
908 350 972 385 iste
999 350 1118 386 adhuc
1147 351 1251 386 vivus

79 415 151 440 non
178 409 319 451 poterat
345 407 443 441 solus
470 407 541 442 buc
575 409 773 444 ascendere
788 405 838 453 ζ’),
870 409 954 454 quia
988 420 1092 446 more
1126 415 1249 445 nostro

79 475 150 500 non
178 468 319 510 poterat
345 466 593 511 contemplari.
623 467 664 501 Et
692 468 892 502 concludit.-
915 470 995 503 oml'
1011 471 1044 503 io
1067 471 1120 514 [ια’
1146 473 1249 504 tracto

74 526 159 570 suot·
195 527 236 560 de
271 527 419 570 l'ampz'a
451 527 535 569 yola
573 527 771 571 cl’z'nserno,
809 527 910 573 idest,
946 528 990 564 de
1030 529 1152 574 limbo,
1186 529 1246 574 qui

77 588 131 620 est
156 585 295 630 primus
323 595 478 630 magnus
505 585 663 621 circulus
692 586 726 620 in
750 586 899 621 introitu
928 587 1067 632 inferni,
1084 599 1148 632 per
1171 598 1246 623 mo—

76 647 211 689 strarli,
236 644 380 689 scilicet,
409 655 533 690 poenas
561 645 839 690 damnatorium
867 657 884 680 e
911 649 1121 681 moscrerollz'
1146 649 1246 690 oure,

76 704 221 749 scilicet,
248 714 374 750 poenas
401 708 655 750 purgatorum,
683 709 811 748 (μιαηίο
832 706 856 739 'l
886 700 991 749 μοίνιὶ
1020 716 1142 740 mena}-
1177 707 1246 740 mia

75 765 207 806 scuola,
235 763 336 808 idest,
365 774 446 798 mea
473 763 647 799 doctrina.
668 764 766 799 Bene
793 764 888 809 dicit,
908 764 992 810 quia
1021 765 1112 799 ratio
1140 768 1248 800 natu-

77 823 160 858 ralis
188 833 250 869 per
277 823 463 858 scientiam
492 824 690 859 humanam
719 824 915 870 cognoscit,
939 824 1036 869 quod
1065 824 1157 859 vitiis
1184 824 1247 859 de—

75 882 210 917 bentur
237 883 428 928 suppliciag
457 886 492 918 et
519 883 636 918 omnis
663 883 720 918 lex
749 884 816 919 hoc
838 884 944 930 jubet
970 888 1005 919 et
1031 884 1148 919 omnis
1167 884 1246 930 phi-

76 941 236 987 losophia
265 937 383 985 hocf)
414 942 530 977 sentit.

149 1003 210 1035 Ma
236 1001 363 1035 (linzmz'.
393 1001 463 1036 Ista
491 1005 544 1036 est
571 1002 729 1037 secunda
757 1012 840 1047 pars
867 1002 1082 1048 principalis,
1110 1003 1146 1038 in
1173 1014 1246 1048 qua

77 1060 246 1106 Virgilius
274 1061 405 1106 quaerit
430 1072 451 1096 a
479 1061 590 1096 Statio
614 1061 659 1096 de
678 1071 787 1096 causa
812 1065 1042 1097 terraemotus
1062 1065 1097 1097 et
1119 1066 1247 1097 cantus

77 1120 169 1155 facti.
199 1120 290 1155 Dicit
316 1130 424 1167 ergo:
453 1123 513 1155 Ma
540 1122 659 1155 ‹linemc‘
683 1132 719 1155 se
745 1124 778 1155 tu
797 1122 863 1164 sai,
888 1121 1128 1157 verisimiliter
1147 1121 1244 1157 enim

74 1179 185 1215 debes
212 1180 304 1215 scire
339 1191 423 1215 cum
452 1181 593 1216 steteris
628 1181 683 1216 liic
718 1191 781 1226 per
813 1184 864 1215 tot
896 1181 1017 1216 secula
1049 1192 1243 1227 annornm,

68 1238 197 1285 perche*
216 1241 240 1275 ’l
264 1244 376 1275 monle
402 1237 458 1275 dle*
481 1242 602 1276 (Iicmzt'
636 1243 684 1275 lai
713 1242 824 1285 crollz‘,
859 1241 960 1285 idest,
992 1252 1109 1286 quare
1142 1251 1246 1276 mons

74 1299 171 1335 dedit
198 1300 306 1345 paulo
333 1304 418 1335 ante
445 1304 519 1335 tam
540 1300 718 1336 terribiles
739 1304 858 1336 motus
877 1303 913 1335 et
934 1300 1101 1346 agitatus,
1121 1312 1138 1335 e
1163 1312 1246 1345 per-

73 1357 133 1394 che*
158 1361 231 1394 tacti
256 1360 305 1393 ad
333 1369 417 1403 ιιηα,
445 1363 478 1395 et
507 1370 622 1405 quare
649 1370 776 1395 omnes
803 1360 948 1405 spiritus
966 1360 1086 1405 simul,
1110 1371 1244 1405 parvm·

73 1420 214 1462 yridczr,
242 1418 389 1465 scilicet,
417 1420 530 1466 gloria
560 1420 594 1454 in
622 1419 772 1455 excelsis
799 1420 874 1455 Deo
893 1423 973 1464 etc,
993 1421 1099 1464 e'nfino
1122 1422 1245 1455 a’suoz‘

68 1477 129 1523 pie*
153 1480 269 1513 molli?
294 1479 393 1523 idest,
415 1490 531 1525 usque
557 1479 601 1514 ad
630 1479 767 1514 radices
795 1479 938 1523 montis,
960 1479 1018 1514 ubi
1039 1483 1123 1514 sunt
1139 1480 1241 1525 junci

73 1542 109 1574 et
136 1538 244 1573 limus
272 1539 400 1584 mollis,
430 1543 468 1574 ut
496 1539 609 1585 patuit
636 1539 754 1584 primo
782 1539 938 1584 capitulo
963 1539 1068 1574 buius
1091 1539 1181 1574 libri.
1201 1540 1242 1574 Et

72 1598 193 1633 subdit
219 1602 336 1644 poeta,
365 1599 461 1644 quod
489 1609 533 1634 ex
561 1599 636 1634 sola
664 1599 835 1644 petitione
864 1598 1000 1644 Virgilii
1028 1599 1112 1634 satis
1140 1599 1243 1644 quie-

73 1662 169 1694 tatus
196 1662 249 1694 est
276 1659 420 1694 animus
449 1659 537 1702 eius,
567 1658 662 1703 quia,
687 1658 830 1703 scilicet,
855 1658 1018 1704 concepit
1039 1669 1138 1704 spem
1163 1669 1245 1694 cer—

72 1722 146 1754 tam
174 1718 306 1753 sciendi
335 1718 432 1763 quod
459 1718 615 1763 optabat.
644 1717 745 1753 Unde
772 1718 874 1753 dleit:
902 1714 929 1752 sl
956 1719 1002 1752 mi
1023 1716 1079 1753 die*
1103 1720 1243 1753 clinum-

71 1778 205 1821 dando,
237 1777 295 1813 ille
327 1777 496 1823 Virgilius
522 1777 567 1813 de
594 1777 790 1823 praedictis3
816 1789 883 1822 per
916 1779 950 1812 Ia
977 1789 1066 1812 cuna
1093 1779 1149 1813 del
1175 1780 1242 1812 mio

73 1837 175 1879 disto,
203 1836 304 1880 idest,
327 1837 552 1871 cunabulum
579 1836 758 1881 desiderii,
779 1837 863 1881 quia
886 1838 1122 1883 expectabam
1144 1838 1243 1873 velut

71 1907 165 1942 puer
192 1896 227 1931 in
254 1896 438 1932 cunabulo
465 1899 633 1941 expectat
651 1896 706 1931 lac
732 1907 752 1932 a
781 1897 922 1932 nutrice
944 1907 1028 1932 cum
1051 1900 1159 1932 acuto
1177 1907 1242 1942 ap-

72 1955 196 2002 petitu,
224 1956 282 1990 che
309 1957 343 1990 [α
371 1957 440 1989 mia
466 1959 545 1998 sele,
573 1954 673 1999 idest,
700 1955 920 1990 desiderium
944 1955 1088 2000 sciendi,
1117 1957 1148 1989 st
1170 1958 1242 2000 fece

73 2026 149 2050 men
176 2017 332 2059 digium,
361 2014 462 2058 idest,
490 2017 672 2059 appetens,
697 2024 767 2057 pm·
793 2024 857 2048 con
885 2016 919 2048 la
941 2024 1130 2058 speranza,
1157 2018 1242 2050 ante

73 2075 357 2120 responsionem.
382 2094 430 2099 —
456 2075 548 2116 Qzaet.
585 2073 648 2108 Hic
684 2077 789 2118 poeta
831 2074 928 2118 ponit
969 2074 1238 2119 responsionem

74 2134 173 2170 Statii
207 2134 269 2179 qui
301 2134 490 2169 exorditur
505 2129 541 2177 (ἶ)
577 2143 706 2178 parum
741 2144 761 2168 a
797 2134 922 2180 longe3
954 2138 990 2169 et
1021 2134 1115 2178 dicit,
1143 2133 1239 2179 quod

133 2264 160 2293 (¹)
179 2266 230 2292 117,
249 2264 379 2288 accedere.
508 2263 534 2292 (²)
552 2264 575 2287 S.
594 2264 643 2287 hoc
660 2263 756 2287 scribit.
885 2263 910 2291 (⁸)
929 2263 958 2287 F
977 2263 1110 2287 exorditur
1130 2269 1142 2285 a
1160 2262 1243 2292 longe.
