1766 2856
507 234 578 266 282
869 239 1071 265 COMENTUM
1098 240 1321 266 PURGATORH

505 313 596 349 hora
616 313 684 348 illae
704 312 861 347 dominae
886 311 1128 347 firmaverunt
1144 309 1180 357 ζ’)
1200 323 1248 348 se.
1274 313 1366 349 Dicit
1387 324 1496 360 ergo:
1513 317 1544 349 E
1558 316 1584 349 il
1599 315 1683 358 sole,

505 373 649 417 scilicet,
673 375 815 417 quartae
843 371 924 417 diei,
941 370 1001 416 ρίὺ
1023 382 1201 417 corrusco,
1224 373 1327 418 idest,
1350 373 1568 419 splendidus,
1589 373 1683 409 sicut

504 433 633 468 accidit
660 432 695 467 in
723 431 886 477 meridie,
915 442 932 466 e
953 429 1016 476 ριἰὶ
1038 442 1102 467 con
1121 433 1202 467 lenti
1219 434 1330 478 passi,
1357 432 1442 478 quia
1469 436 1556 469 tunc
1583 433 1684 469 vide-

506 496 567 528 tur
595 492 732 527 tardius
760 492 912 538 moveri,
941 496 1061 527 leneva
1096 494 1122 527 il
1151 494 1284 528 cercln'o
1316 494 1353 528 di
1385 495 1550 539 merigge,
1580 494 1682 539 idest,

505 553 686 588 circulum
713 553 957 589 meridianum
977 553 1022 588 de
1041 560 1115 598 quo
1134 553 1239 599 plene
1258 553 1330 588 dixi
1351 554 1379 588 11
1398 553 1556 599 capitulo
1577 553 1684 589 huius

504 612 724 659 Purgatorii.
744 613 787 648 Et
811 612 925 658 tangit
945 616 1115 648 naturam
1137 613 1338 659 meridiani,
1359 613 1502 649 dicens:
1522 615 1581 648 che
1596 615 1686 659 fassi

506 683 575 717 qua
601 683 618 707 e
645 667 679 707 ἰὰ
705 683 800 707 come
825 674 875 717 qli
906 674 1049 717 aspellc',·
1082 673 1151 708 1100
1184 673 1326 718 glosant
1352 674 1484 719 aliqui:
1518 673 1620 718 idest,
1648 673 1684 708 in

506 733 575 768 hoc
602 732 821 778 hemisperio
849 736 885 767 et
914 732 949 767 in
976 732 1047 777 illo,
1068 732 1130 767 sed
1153 733 1267 777 male,
1288 743 1372 769 nam
1392 733 1553 769 circulus
1573 732 1684 768 meri-

505 793 634 829 dianus
661 792 810 839 fingitur
838 802 917 828 esse
944 792 1075 827 ductus
1102 792 1240 828 directe
1267 803 1332 838 per
1358 794 1486 829 ambos
1517 794 1618 839 polos
1649 796 1685 829 et

504 853 625 889 zenith
647 852 782 898 capitis,
803 852 852 887 ita
871 852 969 897 quod
989 852 1160 897 quaelibet
1179 852 1341 888 civitates
1366 857 1402 889 et
1426 857 1534 889 terrae
1559 863 1686 898 aequa-

504 913 585 948 liter
613 912 786 948 distantes
812 912 859 947 ab
886 912 1027 948 oriente
1054 912 1189 948 babent
1216 924 1326 948 suum
1355 913 1620 958 meridianum3
1649 916 1684 949 et

504 972 554 1008 sio
588 975 678 1017 quot
705 975 790 1007 sunt
816 976 985 1018 aspectus
1018 976 1127 1007 terrae
1160 972 1390 1018 inaequaliter
1420 973 1604 1019 distantes,
1632 976 1685 1009 tot

504 1036 589 1068 sunt
616 1032 807 1068 meridiani
835 1032 1062 1078 ubicumque
1089 1033 1201 1068 fueris
1220 1033 1296 1068 sive
1316 1033 1351 1068 in
1374 1033 1441 1069 hoc
1465 1033 1541 1069 sive
1560 1033 1595 1068 in
1614 1033 1685 1069 alio

505 1092 737 1138 hemisperio,
758 1093 898 1136 quando
921 1094 950 1127 le
971 1096 1051 1127 selle
1069 1094 1195 1136 donne,
1215 1103 1298 1138 quae
1317 1093 1573 1139 praecedebant
1592 1094 1685 1129 Bea-

506 1153 645 1198 tricem,
673 1154 699 1187 s’
715 1155 882 1197 affissero,
901 1152 1003 1198 idest,
1027 1152 1270 1188 firmaverunt
1293 1164 1343 1198 se,
1363 1164 1383 1189 a
1403 1153 1521 1199 simili,
1540 1150 1569 1188 si
1587 1163 1684 1188 come

505 1215 535 1248 si
561 1216 685 1257 affiyye
703 1214 755 1248 clzt'
774 1223 817 1247 υα
835 1214 982 1247 clincmzz'
1008 1223 1031 1247 a
1056 1217 1155 1257 yeme
1175 1224 1243 1258 per
1268 1215 1397 1248 isc-orla
1407 1227 1421 1258 ,-
1440 1213 1488 1248 ita
1509 1213 1606 1249 enim
1627 1223 1685 1249 se-

504 1276 603 1319 ptem
632 1273 792 1319 virgines
819 1273 1074 1319 praecedebant
1100 1276 1290 1318 tamquam
1318 1272 1429 1308 duces
1455 1273 1684 1318 praevenien-

506 1337 558 1369 tes
577 1333 777 1369 adventum
806 1333 906 1368 istius
929 1333 1135 1379 imperiosae
1156 1333 1325 1378 dominae,
1344 1344 1379 1367 se
1399 1337 1501 1368 1νοῑά
1520 1335 1683 1377 novitate,

504 1394 606 1439 idest,
630 1404 764 1430 novam
792 1397 952 1441 gentem,
972 1395 1008 1428 in
1029 1404 1087 1429 sue
1109 1395 1269 1437 reslz'yye,
1291 1393 1415 1429 relicta
1434 1404 1455 1429 a
1475 1393 1535 1428 tali
1554 1397 1682 1440 gente3

504 1454 580 1489 istae
613 1458 738 1489 autem
773 1454 930 1489 dominae
963 1454 1184 1489 invenerunt
1220 1464 1298 1489 rem
1333 1464 1466 1489 novam
1502 1453 1680 1489 arborum

502 1514 570 1549 sub
606 1524 678 1559 qua
714 1513 960 1549 decurrebant
993 1514 1066 1549 duo
1108 1514 1282 1558 flumina,
1321 1513 1418 1549 unde
1456 1513 1562 1548 dicit:
1597 1513 1683 1557 alfin

502 1574 535 1608 d’
546 1574 734 1608 un'ombra
749 1578 896 1616 smorla,
913 1573 1015 1618 idest,
1031 1573 1153 1619 spissa,
1170 1584 1191 1608 a
1210 1573 1327 1618 simili,
1343 1575 1427 1617 qual
1440 1574 1549 1617 l’Alpe
1560 1576 1680 1618 porta,

502 1633 607 1678 idest,
627 1633 805 1678 producit,
825 1637 912 1668 sollo
927 1635 1035 1678 soylie
1055 1634 1152 1667 verda*
1169 1644 1186 1667 e
1203 1635 1298 1667 rami
1325 1634 1419 1676 niqra?
1439 1643 1548 1677 sopra
1567 1634 1578 1667 ιῗ
1604 1634 1681 1667 suoi

501 1695 622 1738 freddi
640 1695 717 1728 rivi.
739 1694 780 1728 Et
795 1693 850 1728 bic
867 1697 950 1728 nota
966 1693 1064 1738 quod
1084 1693 1166 1728 lieet
1185 1696 1290 1738 poeta
1306 1697 1430 1728 noster
1449 1693 1517 1728 hoc
1537 1693 1682 1728 vidisset

504 1753 539 1788 in
560 1753 683 1788 multis
702 1753 865 1799 partibus
894 1753 928 1787 in
955 1753 1115 1798 Alpibus,
1139 1756 1261 1788 tamen
1284 1753 1352 1788 hoc
1378 1753 1561 1798 praecipue
1581 1753 1682 1788 vide-

504 1817 561 1849 rat
579 1814 615 1848 in
637 1814 821 1849 montibus
843 1813 1019 1859 Apennini
1042 1823 1154 1859 prope
1174 1813 1395 1848 Florentiam
1424 1813 1459 1848 in
1482 1813 1576 1849 valle
1594 1813 1682 1848 Arni

504 1874 673 1920 desuper,
695 1874 756 1909 ubi
776 1878 830 1909 est
848 1884 936 1921 ager
957 1874 1202 1919 pulcerrimus
1221 1873 1387 1909 omnium
1410 1873 1504 1909 inter
1522 1873 1682 1909 Faesulas

504 1938 540 1970 et
562 1934 740 1979 Aretium,
768 1934 866 1970 unde
887 1933 1050 1969 transivit
1069 1933 1258 1977 Hannibal,
1281 1937 1322 1968 ut
1343 1933 1465 1969 scribit
1485 1933 1618 1968 Livius.
1634 1953 1682 1958 —

504 1997 669 2030 Dessnanzi.
694 1995 757 2030 Hic
776 1998 882 2040 poeta
900 1994 1069 2030 describit
1087 1997 1211 2029 ortum
1232 1993 1391 2028 duorum
1416 1993 1612 2028 fluviorum
1632 1988 1680 2038 (²),

504 2066 596 2100 quos
619 2056 695 2100 ‚iam
729 2054 916 2100 descripsit
951 2064 1073 2100 supra,
1103 2053 1235 2099 quibus
1262 2052 1437 2099 irrigatur
1474 2056 1547 2088 tota
1579 2053 1681 2098 sylva

504 2119 639 2160 saneta,
668 2115 802 2150 scilicet
838 2115 989 2150 Letliem
1018 2118 1053 2150 et
1080 2114 1218 2158 Eunoe,
1248 2123 1339 2158 quos
1366 2112 1449 2148 dicit
1477 2123 1520 2148 ex
1550 2112 1680 2148 eodem

507 2175 604 2210 fonte
636 2175 732 2210 nasci
766 2175 859 2210 sicut
887 2175 944 2210 illa
971 2175 1045 2215 duo
1072 2174 1222 2209 flumina
1257 2173 1459 2219 Euphrates
1487 2177 1523 2209 et
1553 2173 1680 2219 Tigris,

569 2305 593 2334 (Ἴ
613 2304 639 2327 E.
658 2304 830 2328 firmaverant.
1086 2304 1109 2331 ’ἣ
1130 2306 1180 2331 117,
1201 2304 1345 2327 fluminum.
