1737 2836
419 261 555 287 cmx-Tus
582 262 773 287 vasnuts
800 261 928 287 NONUS.
1166 254 1233 286 193

64 336 148 380 dale,
165 334 266 379 idest,
281 334 384 369 dictae
407 338 544 380 septem
564 335 679 379 lineae,
695 336 731 369 (li
748 336 872 377 (Metro,
889 344 971 380 quae
987 334 1236 379 sequebantur

63 397 142 440 post
160 394 377 429 candelabra
397 394 432 428 in
450 404 549 438 aere,
565 404 648 438 qnae
666 398 771 439 poeta
790 394 883 429 bene
903 397 1008 429 vocat
1027 393 1233 429 ostendalia.

62 453 266 490 Ostendalia
290 453 386 489 enim
406 453 634 499 appellantur
654 454 688 488 in
710 453 846 488 mundo
870 453 971 499 signa
996 452 1235 499 imperatoris,

64 523 147 559 quae
173 513 415 549 ostenduntur
442 512 588 558 quando
615 512 711 547 vadit
739 513 773 546 in
801 512 1080 557 expeditionem,
1108 516 1144 548 et
1172 512 1237 547 ista

64 576 148 608 sunt
166 573 267 619 signa
286 572 419 607 summi
439 572 668 618 imperatoris
683 572 744 617 qui
762 572 930 607 veniebat
944 582 1029 607 cum
1047 582 1113 607 sno
1129 582 1237 607 exer—

65 633 149 678 citu,
178 643 263 667 eran
294 634 468 676 nmyyiori
494 633 551 667 che
579 634 614 667 ῖα
641 634 710 666 mia
745 633 843 673 vista,
871 631 971 676 idest,
1007 642 1118 676 quam
1154 641 1236 666 mea

65 692 154 727 visio
181 696 300 738 posset
326 692 516 737 attingere,
544 692 628 736 quia
660 691 912 737 pertingebant
944 701 1062 735 usque
1088 690 1133 725 ad
1161 700 1237 725 coe-

66 753 142 787 lum
171 762 405 797 supremum3
433 762 450 785 e
477 753 553 795 queo?
578 753 614 786 (Ιὶ
636 753 744 796 fuori,
765 751 910 796 scilicet,
931 751 1161 795 candelabra,
1184 751 1237 784 da·-

65 815 205 855 slaccm,
232 811 377 855 scilicet,
396 821 417 846 a
445 821 516 856 me,
536 812 621 846 (lieet
640 813 749 855 passi,
773 811 876 856 qnasi
902 810 1008 855 dicat,
1039 810 1236 854 modicum,

67 875 198 916 quanto
217 881 239 905 α
259 872 326 905 mlo
345 872 478 914 acciso,
494 870 710 916 idest,juxta
726 870 1030 906 existimationem
1048 880 1237 905 meam.—

68 933 170 965 Sollo.
200 931 302 965 Nunc
336 933 440 975 poeta
474 930 643 965 describit
678 930 856 975 principes
892 929 1000 964 buius
1036 929 1170 963 militiae
1202 928 1239 963 in

68 990 236 1036 speciali;
260 996 295 1026 et
313 990 396 1025 dicit
423 990 457 1024 in
485 1000 641 1034 summa,
663 990 759 1035 quod
784 989 976 1025 vomebant
999 989 1123 1035 viginti
1148 998 1240 1034 qua—

70 1054 152 1085 tuor
179 1050 351 1085 coronati.
376 1049 427 1084 Ad
454 1050 558 1085 cuins
577 1049 851 1095 intelligentiam
871 1052 925 1084 est
943 1049 1103 1084 breviter
1123 1049 1238 1084 scien—

67 1111 155 1145 dum
184 1110 281 1155 quod
308 1110 362 1146 isti
389 1113 473 1144 sunt
493 1109 693 1155 figuraliter
718 1109 843 1155 uiginti
863 1113 1023 1154 quatuor
1050 1108 1128 1143 libri
1152 1108 1239 1154 legis

67 1170 239 1215 antiquae,
251 1169 452 1205 secundnm
466 1169 729 1215 Hieronymum
746 1169 779 1204 in
796 1169 969 1215 principio
988 1168 1067 1203 libri
1082 1169 1237 1214 Regum,

68 1229 131 1275 qui
166 1233 251 1265 sunt
281 1229 384 1274 quasi
417 1228 542 1275 viginti
576 1233 736 1274 quatuor
763 1229 895 1263 literae:
924 1228 1237 1273 quemadmodum

68 1289 165 1325 enim
193 1300 239 1325 ex
267 1288 455 1324 elementis
482 1288 598 1323 omnis
618 1298 688 1323 vox
718 1289 877 1323 bumana
905 1287 1237 1333 comprehenditur,

68 1349 118 1385 sic
144 1349 218 1383 istis
245 1348 343 1383 libris
371 1348 473 1393 quasi
501 1348 612 1383 literis
631 1351 667 1383 et
688 1348 844 1383 exordiis
863 1348 897 1382 in
916 1347 979 1382 Dei
998 1347 1161 1383 doctrina
1184 1347 1239 1382 in-

69 1408 178 1444 fantia
197 1412 322 1443 tenera
351 1411 386 1442 et
412 1408 530 1443 adbuc
557 1408 693 1443 lactens
713 1405 749 1451 14¹)
780 1407 845 1442 viri
867 1407 954 1453 justi
983 1407 1160 1442 eruditur.
1179 1406 1240 1441 Di—

69 1469 116 1503 cit
138 1478 226 1514 ergo
254 1470 359 1513 poeta
386 1467 593 1502 describens
621 1467 705 1502 istos
733 1470 912 1512 quantum
940 1467 984 1501 ad
1012 1467 1176 1501 habitum
1205 1470 1240 1501 et

70 1531 211 1563 actum:
248 1529 480 1571 Venlz'qzmllro
506 1528 648 1569 seniori,
676 1527 760 1571 quia
783 1526 919 1561 dictant
946 1529 981 1561 et
1007 1526 1093 1561 dant
1121 1526 1240 1560 homi—

71 1587 175 1622 nibus
203 1587 301 1633 leges
337 1590 372 1622 et
400 1590 579 1632 praecepta
612 1587 705 1621 hene
739 1585 893 1630 vivendi,
922 1587 1044 1620 venian
1079 1595 1101 1619 α
1127 1586 1192 1619 (Ine
1218 1596 1240 1619 α

70 1649 147 1691 (lue,
174 1647 259 1692 quia
287 1647 467 1682 socialiter
495 1646 715 1681 conveniunt
743 1646 836 1681 inter
863 1656 912 1690 se,
935 1646 1095 1680 coronali
1115 1646 1152 1679 cll
1169 1646 1239 1689 fior

70 1709 219 1750 (salim,
247 1707 348 1751 idest,
377 1706 459 1751 lilio,
488 1706 584 1751 quod
618 1705 751 1751 figurat
783 1705 908 1740 fidem:
938 1705 972 1739 bi
999 1707 1082 1739 sunt
1114 1704 1237 1751 viginti

71 1770 230 1812 quatuor
257 1766 429 1810 seniores,
457 1776 549 1810 quos
582 1766 737 1800 Joannes
767 1764 889 1799 scribit
908 1764 942 1799 in
961 1764 1174 1810 Apocalypsi
1202 1774 1240 1799 se

72 1826 201 1861 vidisse
236 1825 429 1860 adorantes
461 1835 610 1870 agnum,
647 1828 682 1860 et
716 1824 911 1859 offerentes
949 1834 1104 1859 coronas
1143 1833 1239 1867 suaS,

72 1889 158 1920 sotto
185 1881 254 1919 cosi
280 1886 332 1919 bel
356 1886 430 1927 ciel,
458 1884 558 1927 idest,
586 1884 654 1918 sub
681 1893 767 1918 aere
792 1886 866 1918 tam
894 1883 1055 1918 colorato
1075 1886 1110 1917 et
1131 1882 1240 1917 ador-

74 1949 168 1990 nato,
196 1946 281 1979 com’
297 1946 328 1979 2⁷0
355 1945 478 1986 diviso,
502 1943 602 1987 idest,
621 1943 728 1987 quale
755 1952 823 1988 ego
845 1942 1025 1987 distinguo
1045 1942 1079 1976 in
1102 1945 1238 1986 septem

74 2005 169 2039 listas
198 2004 390 2039 mirabiles.
420 2004 460 2037 Et
494 2002 623 2046 subdit,
652 2002 748 2047 quod
780 2012 907 2036 omnes
941 2001 1148 2036 exaltabant
1184 2011 1242 2036 sa-

74 2074 174 2099 cram
206 2064 436 2109 scripturam,
465 2063 605 2098 dicens:
641 2064 713 2096 lulli
747 2066 939 2096 cantarem.-
975 2062 1147 2096 benedeua
1176 2065 1241 2105 tue,

74 2124 217 2168 scillcet,
229 2127 266 2158 tu
284 2123 534 2167 Beatrixstcelle
545 2123 637 2166 fiyle'a
651 2121 989 2165 ‹lssldamoftdestfin
1012 2120 1236 2164 mulieribus,

75 2183 159 2228 quia
187 2187 225 2217 tu
253 2182 397 2217 (lomina
415 2182 548 2226 divina,
567 2181 634 2215 illae
654 2180 800 2215 famulas
820 2181 1007 2224 humanae,
1029 2180 1108 2215 ideo
1135 2180 1236 2215 dicit:

137 2312 162 2339 ζ’]
181 2312 209 2334 Ε.
229 2311 331 2334 lactans.

208 2365 244 2384 1v.
1085 2363 1108 2382 13
