1737 2836
522 219 661 245 CANTus
688 219 831 244 sssxrcs.
1196 212 1262 243 451

86 295 194 328 autor
221 292 278 328 hic
305 292 398 337 facit,
427 292 489 328 sed
516 292 591 338 ipse
620 292 756 337 ubique
784 291 893 327 babet
920 291 1025 327 istam
1057 291 1264 337 opinionem

86 352 258 398 quicquid
286 353 339 388 sit.
368 353 470 388 Unde
491 352 594 388 dicit:
618 351 678 388 che*
696 354 731 387 la
753 354 832 387 viva
854 353 1029 396 yinstizia,
1049 352 1192 397 scilicet,
1212 351 1267 386 di-

86 412 180 456 vina,
208 414 266 448 clze
294 415 340 448 mi
365 415 477 458 spira,
508 413 610 457 idest,
640 412 790 458 inspirat
817 412 904 447 mihi
936 413 1029 448 lianc
1061 412 1267 457 veritatem,

86 474 135 516 yle·
152 475 354 517 concedetce,
373 475 409 508 in
428 483 547 516 mano,
563 473 653 508 idest
672 472 707 506 in
724 474 913 517 potestate,
934 483 956 506 a
976 474 1054 516 quel
1070 473 1159 507 cle'io
1176 473 1268 516 ᾶίοο,

86 533 221 569 scilicet
248 533 402 578 Tiberio,
430 534 547 577 9l0rz'a
574 534 610 567 cli
633 534 696 577 far
725 533 879 567 vendelca
902 534 973 567 alla
995 543 1060 566 sua
1082 534 1161 577 ira,·
1182 533 1265 578 quia

86 593 207 629 divina
234 594 374 639 justitia
406 592 618 638 requirebat
653 596 692 627 ut
726 592 882 628 vindicta
919 592 1023 628 fieret
1055 593 1100 628 de
1135 593 1267 628 iniuria

88 653 194 699 primi
221 653 391 699 parentis,
412 663 477 698 pro
501 664 574 698 qua
602 653 699 688 Deus
727 655 806 688 erat
828 652 943 688 iratus
969 653 1062 687 sicut
1088 653 1266 698 probatur

87 714 245 760 capitulo
266 713 444 759 sequenti.
462 713 504 748 Et
519 713 692 748 admonet
711 715 879 748 autorem
900 712 999 757 quod
1017 712 1112 748 bene
1131 712 1265 748 adver—

87 777 138 810 tat
164 774 206 809 ad
237 785 354 809 unum
378 774 475 819 qnod
503 773 626 809 dicere
649 773 811 818 intendit,
830 773 966 808 scilicet
988 773 1086 818 qnod
1106 773 1262 809 vindicta

86 834 179 870 facta
199 838 252 870 est
270 835 316 870 de
335 834 511 879 vindicta,
541 833 638 879 quod
665 833 801 868 dictum
824 833 969 868 videtur
990 833 1156 869 mirabile
1180 833 1265 878 quia

86 894 231 930 videtur
272 894 459 940 implicare
499 893 835 929 contradictionem.
865 893 956 929 Dicit
984 904 1097 939 ergo:
1132 904 1176 928 or
1212 895 1269 937 qui

87 956 108 990 ἴ·
120 956 273 989 ammira
293 956 327 989 ῖη
345 951 397 989 cic)
425 956 473 989 clz’
488 956 522 989 2'0
549 955 572 989 ti
589 955 732 998 replico,
756 954 853 999 quia,
873 954 1018 998 scilicet,
1040 953 1261 989 vocabulum

87 1015 200 1050 semel
220 1015 377 1061 positum
399 1014 528 1060 repetit
547 1013 609 1049 bis.
632 1014 672 1048 Et
691 1013 811 1048 subdit
832 1013 1131 1060 gloriosissimam
1152 1013 1267 1049 victo—

87 1075 180 1110 riam
203 1086 315 1120 quam
337 1075 401 1110 ista
421 1075 542 1120 aquila
563 1074 692 1109 victrix
720 1078 755 1110 et
782 1074 1042 1120 triumphatrix
1071 1074 1198 1109 habuit
1222 1075 1266 1110 de

84 1135 232 1181 judaeis,
263 1135 358 1170 unde
384 1135 487 1170 dicit:
512 1136 635 1179 poscia
662 1145 773 1178 corse,
793 1134 879 1169 illud
907 1134 1066 1181 signum,
1092 1145 1157 1169 con
1182 1137 1266 1179 Tito,

87 1195 149 1240 qui
176 1195 243 1230 suit
266 1195 481 1230 undecimus
504 1194 704 1240 imperator
726 1194 933 1240 Vespasiani
958 1194 1051 1229 filius
1073 1194 1172 1229 omni
1195 1194 1268 1229 vir-

88 1257 165 1290 tute
192 1254 388 1300 refulgens,
409 1254 471 1299 qui
495 1254 689 1300 imperavit
715 1264 801 1290 cnm
822 1258 925 1300 patre
947 1257 983 1289 et
1002 1258 1080 1299 post
1108 1258 1263 1300 patrem,

87 1315 149 1360 qni
176 1314 308 1350 dicitur
342 1314 467 1350 fecisse
499 1314 695 1349 vindictam
730 1314 775 1350 de
806 1318 926 1350 morte
958 1315 1087 1349 Christi
1120 1315 1267 1360 quando

87 1375 218 1411 evertit
245 1375 447 1410 Jerusalem
485 1385 570 1410 cum
605 1378 705 1409 tanto
740 1375 881 1410 excidio
910 1375 1134 1421 ,jmlaeornnr
1169 1375 1268 1411 Istud

85 1438 211 1470 autem
239 1435 346 1470 debet
375 1435 522 1481 intelligi
546 1445 643 1479 sane,
668 1435 803 1470 scilicet
831 1435 928 1480 quod
950 1436 1051 1481 justo
1075 1436 1213 1482 judicio
1228 1434 1262 1481 (¹)

86 1495 150 1530 Dei
187 1495 286 1529 Titus
323 1494 405 1530 fecit
442 1494 636 1530 vindictam
671 1494 715 1530 de
756 1495 912 1540 peccatis
941 1495 1165 1541 J'udaeorum,
1194 1506 1266 1531 non

89 1559 211 1590 tamen
247 1566 290 1591 ea
326 1555 536 1599 intentione,
571 1565 655 1589 cum
693 1555 802 1590 suerit
838 1566 1014 1601 paganus,
1048 1556 1141 1590 sicut
1174 1556 1269 1591 bene

87 1615 291 1661 expositum
329 1619 382 1651 est
417 1615 452 1650 in
492 1615 736 1661 Purgatorio;
766 1615 863 1651 unde
895 1615 1000 1651 dicit:
1034 1626 1056 1650 α
1087 1618 1150 1661 sar
1186 1627 1269 1651 ven-

87 1677 178 1710 della
197 1677 288 1710 della
314 1676 469 1710 renclecla
487 1676 544 1710 del
563 1679 707 1719 peccato
734 1677 862 1719 antico,
896 1675 1001 1721 primi
1030 1676 1199 1721 parentis.
1216 1696 1265 1702 —

88 1737 119 1769 E
134 1737 285 1778 quando.
302 1735 365 1770 Hic
386 1735 514 1770 ultimo
534 1735 758 1771 Justinianus
778 1735 813 1770 in
834 1736 1045 1772 narratione
1065 1747 1131 1772 sua
1151 1737 1266 1783 tangit

87 1795 184 1830 aliud
210 1798 354 1841 gestum
384 1795 523 1841 insigne
551 1795 652 1830 istius
678 1795 769 1842 signi
796 1796 978 1831 victoriosi
1006 1796 1041 1831 in
1065 1807 1177 1831 manu
1199 1797 1268 1832 Ca-

89 1854 154 1890 roli
182 1855 317 1901 magni,
337 1859 373 1891 et
395 1859 517 1890 servat
545 1856 724 1900 optimum
753 1856 931 1901 ordinem,
956 1856 1041 1901 quia
1069 1857 1162 1892 sicut
1192 1857 1267 1903 ipse

88 1915 310 1950 Justinianus
338 1915 504 1951 liberavit
532 1915 669 1951 Italiam
698 1916 743 1950 de
777 1916 945 1951 manibus
977 1917 1175 1962 gothorum
1205 1917 1268 1962 qui

87 1974 145 2010 diu
176 1978 431 2020 oppresserant
459 1985 553 2019 eam,
582 1975 630 2010 ita
666 1975 819 2010 Carolus
852 1975 1019 2010 liberavit
1050 1976 1188 2011 ltaliam
1223 1977 1269 2013 de

88 2035 255 2070 manibus
283 2034 595 2081 longobardorum
629 2035 691 2079 qui
723 2034 858 2069 diutius
886 2039 1143 2080 oppresserant
1171 2047 1265 2072 eam.

86 2094 138 2129 Ad
174 2094 442 2141 intelligendam
462 2090 497 2138 (Ξ)
536 2095 645 2141 igitur
679 2095 823 2130 literam
852 2098 905 2131 est
939 2095 1140 2141 sciendum,
1169 2097 1268 2142 quod

87 2154 179 2189 sicut
206 2154 327 2189 scribit
355 2155 557 2201 Eginardus
586 2155 743 2189 nutritus
776 2166 797 2190 a
833 2155 974 2201 Carolo,
1009 2156 1083 2201 qui,
1119 2160 1159 2191 ut
1194 2157 1268 2203 ipse

192 2246 222 2270 E.
240 2247 336 2276 judicio
355 2247 454 2270 deitatis
473 2248 533 2271 fecit
551 2247 688 2271 vindictam
708 2247 739 2270 de
757 2250 871 2277 peccato.

194 2285 223 2308 E.
242 2285 282 2308 Ad
301 2285 495 2316 intelligentiam
513 2287 592 2316 igitur
611 2286 692 2310 literae
709 2288 747 2310 est
764 2287 904 2311 sciendum.

148 2247 174 2275 (¹)

148 2283 176 2314 (²)
