1737 2836
355 230 491 255 CANTUS
517 229 732 254 TRIGESIMUS
757 228 950 254 SECUNDUS.
1170 222 1239 254 263

74 305 130 339 lus
156 305 374 348 sequeretur
400 301 563 346 effectus,
585 305 626 336 ut
644 301 776 336 dicitur
802 300 958 336 Paradisi
981 300 1137 346 capitulo
1156 301 1245 345 XX,

75 363 172 398 unde
198 362 336 397 subdit:
365 374 382 397 e
409 364 510 396 ῐίιηα
536 372 554 395 e
580 363 600 395 Γ
615 362 708 395 allrcz
727 365 830 395 recola
845 363 953 406 fzmne
973 362 1161 405 ricoperla,
1187 360 1246 396 illa

74 423 169 468 dote,
185 434 202 457 e
220 425 245 458 il
260 427 359 466 lenm,
377 421 484 457 simul
503 431 588 456 cum
611 421 696 456 rotis
716 421 780 455 suit
801 425 1047 467 recoopertus,
1067 421 1171 466 quasi
1190 421 1246 456 di-

74 487 151 519 cat:
181 487 253 518 tota
281 482 432 517 ecclesia
462 481 678 526 locupletata
712 484 776 525 est,
804 483 838 515 in
875 485 983 524 tanto,
1011 481 1112 525 idest,
1139 481 1245 517 valde

76 543 261 578 modicum
282 552 367 577 cum
386 541 444 576 illa
464 541 557 576 bona
576 540 787 584 intentione,
801 541 860 574 che
877 538 937 584 ρι’ἳι
959 542 1044 575 liene
1066 551 1111 574 zm
1132 542 1249 585 sospir

76 605 111 637 la
130 603 233 637 bocca
260 605 395 646 aperta,
421 600 523 646 quasi
542 600 653 636 dicat:
675 610 788 645 parvo
812 603 1008 635 momento.
1025 603 1114 635 —E
1130 604 1249 635 trans-

74 664 239 707 formalo.
268 661 331 696 Hic
359 664 464 706 poeta
492 660 661 696 describit
687 659 755 694 sub
782 659 931 694 terribili
961 659 1079 705 figura
1107 660 1244 695 malum

76 721 248 757 effectum
278 721 386 755 huius
412 719 616 764 dotationis,
648 719 732 765 quia
764 729 897 754 currus
924 719 1040 754 factus
1067 723 1121 755 est
1149 720 1249 755 velut

76 781 212 817 animal
240 784 514 816 monstruosum
536 780 672 815 habens
695 780 808 814 multa
829 779 944 825 capita
964 783 1000 815 et
1019 790 1174 825 cornua,
1194 780 1248 815 di-

78 842 126 878 cit
140 852 229 887 ergo
246 854 253 875 :
271 844 301 876 E
313 843 338 875 il
354 842 467 885 (Iificzfo
485 844 601 883 santo,
617 840 718 884 idest,
738 850 871 874 currus
890 839 1086 875 fabricatus
1101 844 1152 875 tot
1166 850 1250 876 san-

79 906 222 938 ctorum
253 902 421 936 manibus
448 902 709 946 prophetarum
731 904 766 935 et
784 900 1105 946 evangelistarum,
1132 904 1251 935 trans-

76 964 232 1007 formato
258 958 340 1004 cosi,
368 961 452 1006 quia
474 971 517 995 ex
539 970 701 1005 paupere
720 960 844 994 habitu
874 960 908 994 in
935 960 1081 995 divitem
1111 960 1250 995 cultum

80 1024 162 1057 mise
184 1024 268 1067 suot·
294 1025 386 1064 teste,
409 1021 508 1064 idest,
528 1024 666 1065 septem
690 1023 835 1065 peccata
865 1020 1030 1054 mortalia
1059 1030 1141 1065 quae
1168 1021 1252 1066 pul-

80 1081 198 1116 lulare
224 1084 415 1126 coeperunt
443 1080 477 1114 in
505 1079 654 1115 ecclesia
681 1083 868 1115 crescente
894 1079 988 1123 dote,
1012 1090 1078 1123 per
1105 1081 1134 1114 le
1155 1082 1254 1124 ρανιί

80 1151 161 1185 sue,·
188 1143 224 1176 et
251 1150 348 1184 ecce,
377 1143 428 1174 Ire
454 1150 562 1184 sopra
583 1141 607 1174 'l
632 1144 731 1182 (emo,
752 1139 853 1183 idest,
878 1139 1132 1184 principalibus
1158 1150 1251 1185 prae-

81 1201 160 1236 latis
195 1200 403 1247 regentibus
436 1210 609 1235 currum:
642 1200 708 1234 ista
740 1202 823 1234 sunt
857 1199 923 1234 tria
956 1199 1039 1235 vitia
1068 1200 1191 1245 peiora
1218 1203 1254 1235 et

81 1261 196 1308 magis
223 1260 431 1306 spiritualia,
455 1260 598 1304 scilicet,
622 1260 803 1305 superbia,
824 1259 954 1294 invidia
984 1263 1020 1294 et
1047 1260 1112 1304 ira,
1135 1263 1166 1294 ec
1182 1270 1254 1294 una

80 1322 117 1356 in
143 1322 281 1355 ciascun
307 1324 422 1363 canto,
449 1319 549 1363 idest,
579 1319 675 1364 quod
703 1322 862 1364 quatuor
894 1322 998 1354 erant
1026 1319 1061 1354 in
1093 1323 1253 1365 quatuor

81 1380 223 1427 angulis
245 1390 388 1423 currus,
409 1379 509 1423 idest,
529 1379 563 1413 in
583 1379 659 1414 aliis
678 1378 834 1424 praelatis
856 1378 1064 1414 sedentibus
1083 1379 1118 1413 in
1138 1390 1253 1414 curru

82 1451 147 1487 per
162 1443 278 1475 totum
298 1450 317 1474 a
338 1443 498 1484 quatuor
517 1438 630 1485 plagis
651 1438 795 1482 mundi;
815 1442 850 1473 et
870 1439 935 1473 ista
955 1443 1059 1474 erant
1078 1439 1147 1474 alia
1163 1449 1255 1484 qua-

84 1504 168 1535 tuor
195 1499 279 1534 vitia
308 1499 448 1534 minora
480 1502 515 1534 et
548 1499 662 1544 magis
695 1499 908 1544 corporalia,
937 1499 1071 1534 scilicet
1105 1499 1254 1543 accidia,

83 1559 247 1604 avaritia,
276 1559 421 1593 luxuria
449 1562 485 1593 et
511 1559 614 1604 gula3
643 1561 678 1593 et
706 1559 773 1593 hoc
800 1558 927 1593 ordine
954 1559 1124 1604 purgavit
1151 1562 1256 1604 poeta

83 1620 150 1655 ista
181 1622 319 1664 septem
352 1618 436 1653 vitia
472 1618 564 1653 sicut
600 1618 715 1663 patuit
761 1628 824 1663 per
857 1620 974 1652 totum
1002 1628 1133 1653 verum
1168 1628 1257 1664 pur-

83 1679 279 1726 gatorium.
315 1679 355 1713 Et
388 1678 573 1724 distinguit
604 1678 694 1714 dicta
734 1681 880 1723 peccata
911 1678 1077 1723 capitalia
1112 1689 1177 1724 per
1207 1679 1256 1714 si-

84 1749 211 1785 gnum,
240 1739 381 1774 dicens:
410 1740 440 1772 le
462 1740 589 1782 prime,
617 1737 760 1782 scilicet,
784 1741 868 1781 tres,
887 1748 974 1772 eran
1001 1742 1139 1773 cornute
1160 1749 1254 1773 come

85 1799 160 1842 bue,
196 1798 281 1843 quia
308 1798 490 1833 habebant
517 1797 589 1832 duo
625 1798 743 1843 capita
778 1797 941 1832 ferientia
978 1798 1070 1833 sicut
1088 1794 1123 1841 (¹)
1155 1799 1257 1834 bovis

86 1858 260 1901 indomiti,
294 1857 378 1902 quia
414 1857 548 1892 faciunt
574 1857 664 1892 duas
696 1857 862 1901 offensas,
895 1857 1039 1901 scilicet,
1071 1858 1106 1892 in
1139 1858 1255 1893 Deum

86 1922 122 1953 et
149 1918 184 1952 in
212 1917 441 1963 proximum,
470 1926 528 1950 ma
554 1918 583 1950 le
609 1920 748 1960 quallro
766 1927 878 1950 (mean
903 1927 968 1960 per
991 1918 1108 1960 fronte
1135 1927 1180 1950 cm
1206 1918 1260 1951 sol

86 1988 209 2020 cornu,
241 1977 324 2021 quia
353 1976 488 2011 faciunt
517 1975 630 2021 magis
657 1975 833 2010 offensam
867 1976 901 2010 in
934 1976 1050 2010 Deum
1079 1987 1190 2020 quam
1223 1976 1258 2010 in

88 2037 309 2083 proximum,
330 2036 410 2071 licet
428 2035 550 2071 omnia
569 2035 752 2070 offendant
772 2038 983 2080 utrumque.
1005 2036 1045 2070 Et
1064 2035 1156 2071 sicut
1177 2039 1258 2071 nata

88 2101 172 2132 sunt
190 2100 328 2142 septem
348 2096 475 2142 capita,
496 2096 541 2131 ita
566 2096 688 2141 fugata
708 2098 792 2129 sunt
810 2099 947 2140 septem
970 2096 1106 2131 lumina
1129 2097 1175 2131 ab
1197 2107 1258 2132 ec-

89 2157 197 2193 clesia
219 2156 299 2200 Dei;
328 2156 407 2191 ideo
434 2155 634 2191 concludit:
655 2156 770 2190 Simile
788 2159 918 2190 moslro
937 2157 973 2190 in
992 2157 1078 2190 vissa
1098 2158 1167 2191 mai
1184 2167 1253 2191 ‘non

154 2295 180 2322 (¹)
199 2295 249 2318 117.
268 2300 341 2317 more
359 2294 436 2317 bovis.
