1737 2836
469 250 605 275 CANTUS
632 250 855 275 TRIGESIMUS.
1174 245 1241 275 221

76 324 222 361 tabilem
250 326 285 359 et
312 323 461 367 claram,
489 322 630 357 dicens:
651 332 707 356 mo
727 323 751 356 il
767 325 918 366 terreno,
943 321 1040 367 quod
1063 325 1118 357 est
1144 322 1189 358 de
1207 332 1246 358 se

75 384 274 430 benignum
303 386 338 418 et
364 381 616 426 domesticum7
643 382 674 415 st
696 383 737 426 sa
764 385 860 416 conlo
881 379 944 426 piet
971 383 1124 425 maligno
1148 394 1165 416 e
1185 379 1246 427 piet

74 446 231 480 silvestro
265 444 319 478 col
343 443 416 476 uzal
439 451 529 476 seme
555 453 572 476 e
598 451 667 476 non
694 442 794 485 collo,
825 441 925 486 idest,
955 441 1146 487 incultum,
1175 451 1248 477 non

76 504 294 547 laboratum,
313 502 502 546 quant’eyli
518 502 562 535 lea
575 498 638 545 ρι’ΐι
660 502 696 535 ἀί
716 501 805 535 buon
825 502 924 544 otyor
944 505 1123 546 terreslro,
1146 501 1247 546 idest,

76 563 121 599 de
148 564 305 598 humore
332 561 466 608 pingui.
487 561 527 595 Et
548 560 603 596 hic
627 563 709 595 nota
729 560 826 606 quod
848 561 1072 606 comparatio
1092 565 1145 597 est
1163 571 1248 607 pro-

77 622 178 669 pria,
207 632 290 658 nam
319 621 505 667 ingenium
533 620 743 666 vigorosum
774 622 872 655 recte
906 620 1128 655 assimilatur
1158 631 1248 667 agro

78 682 197 726 fertili,
217 681 275 717 cui
295 681 322 716 si
342 680 582 716 committitur
605 681 700 716 mala
719 680 893 725 doctrina,
913 683 949 715 et
968 690 1040 715 non
1059 681 1248 715 excolatur

78 742 224 785 virtute,
257 741 340 776 facit
371 741 510 776 malum
545 740 718 784 fructum,
749 739 834 785 quia
866 740 995 775 melius
1029 740 1093 775 scit
1128 740 1249 775 facere

80 801 230 837 malum.
246 821 294 826 —
308 802 428 835 Alczm.
448 800 511 835 Hic
531 800 674 835 Beatrix
695 800 848 835 ostendit
870 799 967 845 quod
986 803 1091 845 poeta
1110 811 1131 836 a
1150 800 1250 846 prin-

78 860 170 906 cipio
185 860 293 906 coepit
314 864 413 895 recte
431 860 635 904 ambulare,
650 859 712 895 sed
730 859 800 894 cito
819 858 1010 894 declinavit
1028 870 1050 894 a
1065 860 1121 895 via
1140 860 1246 895 hona.

77 920 178 956 Unde
205 920 306 955 dicit:
336 922 444 955 ⁴›tlczm
474 924 597 964 tempo,
628 919 772 963 scilicet,
800 918 888 954 dum
922 919 988 953 suit
1015 929 1119 964 puer,
1146 920 1173 954 vil
1196 930 1253 954 so-

77 981 189 1015 stenm'
213 981 267 1014 col
292 981 359 1014 mio
388 981 488 1023 collo,
520 989 565 1014 ne
591 982 744 1023 erraret,
770 979 972 1013 mostranclo
993 980 1043 1022 yle?
1059 979 1154 1013 occln'
1172 980 1250 1021 yio-

82 1041 194 1075 vinem
219 1050 241 1074 α
268 1041 326 1083 lui,
355 1039 439 1084 quia
467 1039 542 1084 ipse
569 1042 647 1074 erat
670 1048 761 1084 puer
787 1041 822 1074 et
850 1048 918 1084 ego
950 1038 1081 1084 puella,
1111 1048 1203 1073 meco
1229 1039 1256 1073 il

81 1109 228 1135 menaea
255 1101 288 1134 in
312 1101 417 1134 dritta
441 1102 543 1143 parte
572 1100 670 1132 rollo.
706 1098 746 1132 Et
778 1098 835 1133 hic
867 1101 951 1133 nota
985 1098 1082 1143 quod
1117 1108 1248 1133 verum

80 1159 181 1204 dicit3
210 1169 293 1195 nam
322 1162 486 1205 tempore
512 1158 676 1204 pueritiae
703 1158 836 1193 Dantes
862 1160 989 1203 captus
1012 1168 1139 1193 amore
1158 1158 1249 1193 Bea-

80 1218 177 1254 tricis
196 1221 275 1254 erat
293 1218 396 1253 mirae
415 1218 552 1263 indolis,
572 1220 607 1253 et
627 1217 662 1252 in
681 1228 725 1253 eo
744 1221 995 1263 apparuerunt
1014 1218 1128 1252 multa
1149 1217 1249 1264 signa

82 1278 215 1314 futurae
242 1278 404 1323 virtutis,
433 1278 494 1313 sed
512 1277 729 1313 adveniente
748 1277 940 1323 pubertate
959 1277 1066 1323 coepit
1084 1287 1250 1312 crescere

82 1337 216 1373 malitia
244 1348 329 1373 cum
358 1340 474 1382 aetate,
495 1341 530 1372 et
556 1337 698 1372 deditus
718 1340 771 1372 est
793 1337 951 1372 vanitati.
975 1337 1076 1373 Unde
1094 1337 1195 1372 dicit:
1216 1333 1252 1371 Si

83 1401 167 1431 (osto
193 1408 287 1432 come
314 1398 349 1431 in
374 1408 413 1431 su
441 1398 474 1431 la
499 1400 604 1441 porta
627 1398 691 1441 sui,
721 1397 778 1432 vel
804 1398 930 1440 soylia,
949 1398 985 1431 dt
1006 1398 1076 1431 ηῑῖα
1101 1397 1251 1432 secondo

82 1460 178 1501 elale,
197 1457 296 1501 idest,
314 1457 347 1491 in
368 1456 465 1491 initio
484 1457 747 1501 adolescentiae,
767 1467 784 1491 e
802 1458 908 1491 malae?
928 1459 1008 1501 vila,
1031 1457 1116 1502 quia
1135 1456 1251 1502 nupsi,

82 1518 189 1562 questi
205 1517 235 1550 si
253 1517 334 1551 lolse
352 1526 375 1550 α
394 1527 457 1560 me,
475 1528 493 1551 e
511 1517 614 1551 diessi
630 1518 747 1560 altr-ui,
769 1516 913 1561 seilicet,
929 1516 1006 1551 aliis
1025 1516 1250 1551 mulieribus.

81 1575 199 1621 Aliqui
228 1579 350 1611 tamen
377 1578 563 1620 exponunt
591 1576 696 1611 istam
724 1575 866 1611 literam
890 1586 961 1610 non
983 1575 1163 1620 historice,
1191 1575 1253 1610 sed

81 1635 286 1682 allegorice,
309 1639 345 1671 et
366 1635 499 1680 dicunt,
523 1636 620 1680 quod
647 1646 712 1682 per
738 1636 862 1671 oculos
879 1636 1097 1682 juvenculos
1125 1636 1253 1671 intelli-

83 1695 134 1742 git
161 1695 315 1741 primam
343 1698 379 1730 et
405 1695 522 1730 levem
551 1698 692 1741 partem
722 1696 931 1742 theologiae3
958 1706 1023 1742 per
1054 1695 1251 1731 secundam

84 1758 241 1799 aetatem,
255 1755 452 1790 secundam
472 1758 613 1800 partem
633 1756 835 1801 theologiae,
851 1759 885 1791 et
902 1759 999 1801 tunc,
1014 1756 1148 1801 dicunt,
1158 1755 1253 1791 dedit

84 1825 123 1850 se
141 1815 217 1850 aliis
236 1815 400 1850 scientiis.
422 1815 463 1849 Et
486 1815 645 1860 procedit
674 1815 826 1851 ulterius
848 1816 993 1852 Beatrix
1011 1816 1190 1862 gradatim
1218 1815 1254 1850 in

87 1874 294 1909 narratione
326 1885 403 1919 sua,
437 1873 581 1909 dicens:
614 1877 755 1919 quando
785 1877 822 1910 dt
855 1886 963 1911 carne
993 1886 1016 1910 a
1050 1878 1158 1920 spirto
1190 1886 1254 1909 era

85 1936 200 1978 salita,
224 1934 324 1979 idest,
353 1933 396 1968 de
423 1933 495 1969 vita
522 1935 701 1979 corporali
729 1935 773 1970 ad
800 1935 911 1970 vitam
939 1935 1162 1980 spiritualem
1189 1944 1254 1980 per

87 1997 242 2030 mortem
262 1993 295 2028 in
318 1993 492 2039 vigesimo
512 1993 639 2038 quinto
659 2004 766 2039 anno,
782 1994 927 2039 quando
949 1995 1058 2029 homo
1075 1994 1182 2029 intrat
1201 1994 1255 2029 le—

85 2054 247 2101 gitimam
271 2056 429 2098 aetatem,
455 2064 472 2087 e
495 2053 644 2087 belle-<za
671 2064 689 2087 e
717 2051 804 2088 nsrtft
832 2055 947 2088 m’cra
969 2055 1148 2097 crescium,
1169 2053 1254 2098 quia

88 2114 207 2149 anima
235 2113 340 2148 beata
363 2116 529 2158 separata
549 2123 569 2148 a
589 2122 742 2158 corpore
761 2116 813 2148 est
836 2113 983 2148 liberior
1002 2114 1036 2148 in
1055 2113 1253 2157 voluntate,

87 2174 226 2209 ratione
255 2177 290 2209 et
319 2172 506 2217 memoria,
536 2176 576 2207 ut
603 2172 729 2218 pulcre
760 2172 897 2208 dictum
931 2177 985 2208 est
1016 2184 1126 2218 supra
1159 2172 1256 2218 capi-

87 2233 163 2268 tulo
191 2233 297 2277 XXV,
322 2234 371 2277 [α’
391 2234 423 2267 io
450 2243 472 2266 (ι
499 2233 558 2275 lui,
586 2232 732 2278 scilicet,
760 2233 875 2278 Danti,
903 2243 979 2268 men
1011 2243 1098 2267 cara
1131 2243 1148 2266 e
1180 2242 1254 2266 men

89 2294 240 2338 μνααῖαι.
270 2293 310 2327 Et
338 2293 393 2328 hic
421 2296 503 2328 nota
528 2292 623 2338 quod
643 2292 734 2328 sicut
761 2293 883 2329 scribit
910 2292 1098 2329 Boccatius
1126 2292 1160 2327 in
1188 2302 1255 2327 suo
