1737 2836
494 177 631 203 GANTUS
658 178 838 203 SEPTIMUS.
1189 172 1257 202 469

83 259 166 284 rum
197 249 432 295 multiplicem
460 249 721 285 abundantiam
750 253 786 285 et
813 249 1025 284 latissimam
1054 248 1255 284 doctrinam

82 309 159 344 sine
191 310 263 344 ullo
297 320 425 345 errore
452 310 725 356 comprehendit
758 314 794 346 et
827 310 903 345 sine
935 319 1064 345 errore
1089 309 1256 354 custodit,

82 369 186 404 cuius
210 380 273 404 cor
300 370 447 415 plenum
477 374 531 406 est
557 370 724 415 caritate,
755 380 821 405 nec
848 369 1005 405 dubitari
1034 372 1151 415 potest
1170 370 1256 415 quin

82 430 260 475 templum
281 430 342 465 Dei
363 430 405 465 sit
425 431 535 465 homo
563 430 598 464 in
626 440 700 475 quo
723 429 859 464 habitat
879 429 1020 464 caritas.
1046 430 1088 464 Et
1106 430 1156 465 sic
1177 429 1259 465 vide

83 490 181 534 quod
209 490 316 526 tacite
342 490 464 536 arguit
482 493 650 525 autorem
671 489 733 535 qui
753 489 798 524 ab
822 489 921 524 initio
941 489 1039 524 visus
1059 493 1111 525 est
1131 499 1259 525 amare

84 550 299 595 Beatricem,
323 554 445 596 postea
473 560 554 585 eam
583 550 744 585 deseruit
771 553 919 595 propter
949 549 1115 585 scientias
1143 560 1259 585 saecu-

84 609 189 654 lares,
209 609 270 645 sed
300 610 445 646 tandem
474 614 668 645 revocatus
695 613 760 654 est,
779 609 871 644 sicut
900 609 1028 644 totiens
1056 613 1109 645 est
1135 613 1259 644 osten—

83 679 165 704 sum
193 669 228 704 in
248 669 319 704 fine
339 670 554 716 Purgatorii.
575 670 617 704 Et
636 669 811 715 promittit
830 669 895 704 sibi
914 669 1133 705 solutionem
1156 669 1259 704 istius

82 729 192 773 dubii,
215 729 357 765 dicens:
381 734 574 765 veramente
599 727 679 765 diro
703 728 830 774 perclze'
847 731 897 764 cal
922 731 1025 764 modo
1049 731 1087 774 su
1112 727 1172 774 ρίὰ
1198 731 1259 764 ‹Ie—

81 800 164 834 yno,
196 790 296 835 idest,
324 791 585 836 congruentior
605 790 756 835 caeteris,
774 786 861 834 pers)
884 791 968 824 elc'a
995 793 1110 834 questo
1136 800 1257 833 seyne,

84 849 183 894 idest,
212 850 257 884 ad
285 850 393 884 istum
423 854 611 895 punctum,
641 852 744 885 mollo
771 852 801 885 si
828 851 932 895 nn'ra,
962 853 998 885 et
1032 858 1120 885 vere
1155 849 1258 884 multi

85 910 265 945 mirantur
288 910 385 955 quod
408 914 553 945 creator
576 910 692 945 factus
716 914 768 945 est
791 914 973 955 creatura,
994 910 1078 955 quia
1099 910 1166 945 hoc
1187 920 1258 945 non

83 974 137 1006 est
165 974 328 1015 naturae,
356 971 436 1006 ideo
464 982 480 1005 e
503 981 592 1015 poco
619 972 649 1005 si
675 973 844 1015 discerne,
878 971 963 1016 quia
992 971 1112 1005 nullus
1140 971 1259 1006 malus

83 1034 199 1077 potest
233 1041 312 1066 esse
344 1032 526 1076 perfectus
555 1031 896 1077 metapliysicus.—
915 1033 962 1065 La
993 1032 1122 1066 divina.
1156 1031 1259 1066 Nunc

84 1091 227 1126 Beatrix
261 1091 385 1125 volens
422 1090 542 1125 facere
575 1091 793 1126 solutionem
825 1091 908 1126 dicti
943 1090 1041 1125 dubii
1073 1089 1259 1136 praemittit

83 1150 251 1196 quaedam
291 1151 462 1196 principia
496 1151 698 1186 necessaria
733 1151 778 1186 ad
793 1147 827 1195 μ’)
866 1152 946 1196 hoc,
981 1151 1125 1195 scilicet,
1160 1150 1258 1195 quod

83 1211 180 1246 Deus
207 1211 253 1245 ab
281 1211 379 1246 initio
407 1211 490 1246 fecit
517 1211 702 1246 hominem
731 1211 954 1246 simillimum
979 1211 1044 1246 sibi
1066 1221 1130 1257 per
1149 1211 1259 1246 liber-

84 1274 195 1307 tatem
223 1271 372 1315 arbitrii,
401 1274 437 1306 et
464 1271 538 1317 ipse
573 1272 682 1306 homo
715 1272 797 1307 fecit
829 1282 867 1307 se
898 1271 1178 1307 dissimillimum
1212 1272 1259 1306 illi

82 1341 148 1377 per
176 1335 378 1376 peccatum.
400 1331 521 1366 Primo
548 1342 638 1378 ergo
662 1332 777 1379 tangit
796 1332 830 1366 in
851 1332 1013 1378 generali
1033 1332 1257 1367 creationem

83 1391 242 1426 universi
271 1402 382 1436 quam
411 1392 507 1427 Deus
535 1391 615 1427 fecit
643 1392 718 1427 sola
745 1392 906 1427 bonitate
940 1403 1018 1437 sua,
1047 1392 1131 1437 quia
1159 1395 1260 1428 caret

82 1451 229 1496 invidia,
266 1451 345 1486 ideo
381 1451 494 1486 voluit
533 1452 750 1497 participare
785 1452 965 1487 creaturis
1005 1452 1258 1487 excellentiam

82 1522 199 1556 suam,
227 1511 288 1546 sed
317 1511 500 1557 potissime
529 1512 693 1547 rationali
713 1508 748 1555 (ἓ)
777 1516 969 1557 creaturae,
994 1512 1052 1547 cui
1082 1512 1167 1547 nibil
1195 1523 1260 1558 po—

83 1571 151 1606 tuit
176 1571 265 1606 dare
291 1571 527 1606 excellentius
554 1572 668 1607 libero
696 1572 858 1617 arbitrio,
879 1582 943 1617 per
959 1567 995 1616 (3)
1024 1573 1120 1617 quod
1148 1573 1260 1608 homo

83 1631 122 1666 fit
148 1631 270 1666 similis
298 1631 364 1676 illi,
388 1631 480 1667 sicut
507 1631 603 1667 enim
625 1632 698 1678 ipse
717 1636 796 1667 erat
818 1632 873 1667 sui
888 1633 982 1678 J'uris
1001 1635 1036 1667 et
1055 1643 1131 1667 suae
1149 1633 1260 1678 ipsius

83 1691 279 1726 voluntatis
316 1701 387 1726 non
422 1692 643 1727 necessitatis
681 1695 760 1727 erat
797 1692 894 1737 quod
933 1692 1051 1728 honus
1087 1696 1183 1737 erat,
1213 1693 1260 1728 ita

83 1750 195 1785 homo
222 1750 325 1794 quasi
353 1750 408 1785 sui
430 1751 525 1796 juris
545 1751 685 1786 nonnisi
714 1763 780 1787 sua
808 1752 995 1788 voluntate
1019 1752 1139 1788 facere
1165 1753 1259 1788 mala

84 1814 119 1845 et
150 1810 249 1856 juste
285 1810 535 1855 damnaretur,
563 1814 626 1846 aut
666 1811 761 1846 bona
793 1815 829 1846 et
871 1812 1000 1847 merito
1041 1813 1258 1847 salvaretur.

83 1871 198 1906 Nemo
238 1870 335 1906 enim
375 1870 537 1905 salvatur
577 1871 720 1906 invitus.
763 1871 853 1906 Dicit
893 1881 982 1917 ergo
1018 1872 1063 1906 ad
1094 1872 1258 1907 literam:

84 1933 134 1965 La
167 1932 285 1965 divina
320 1926 436 1974 bonici,
469 1930 570 1975 idest,
603 1931 720 1966 forma
754 1931 849 1975 boni,
884 1932 942 1966 elce
975 1932 1022 1965 (Ia
1052 1942 1088 1965 se
1118 1942 1256 1977 sperne,

83 1991 189 2036 idest,
227 1994 370 2026 recusat
402 1994 437 2026 et
472 1990 632 2036 expellit,
667 1992 751 2034 oym'
787 1991 908 2034 livore,
945 1990 1050 2035 idest,
1088 1991 1257 2026 invidiam

78 2050 184 2096 juxta
213 2050 298 2085 illud
328 2051 484 2086 Platonis
512 2050 546 2085 in
574 2050 729 2085 Timaeo:
757 2050 916 2095 optimus
951 2050 1097 2095 quidem
1131 2054 1195 2096 est,
1224 2054 1259 2087 et

83 2109 191 2155 longe
217 2110 263 2144 ab
290 2110 427 2155 optimo
455 2110 586 2145 invidia
616 2109 775 2155 relegata
799 2112 862 2155 est,
882 2111 1042 2145 ardendo
1070 2112 1103 2145 in
1130 2121 1165 2145 se
1183 2113 1259 2156 ssa-

147 2242 174 2271 (¹)
192 2244 213 2270 a,
231 2242 261 2265 ad
280 2242 342 2265 haec.
501 2240 526 2271 (²)
544 2244 566 2269 t,
586 2241 738 2265 rationabili.
895 2241 921 2271 (³)
939 2242 968 2265 E.
987 2245 1092 2272 propter
1109 2243 1187 2273 quod.
