1737 2836
493 240 630 266 CANTcs
658 241 800 266 ruimus.
1165 233 1233 265 323

60 322 279 348 succursum
295 312 479 355 Beatricis,
499 323 582 357 quau
601 313 774 348 continuo
793 313 956 359 promisit
971 323 1010 348 se
1029 312 1235 348 satisfactu—

63 383 140 408 ram
165 371 342 407 desiderio
367 382 444 416 suo,
470 371 612 407 dicens:
633 375 713 407 oml'
725 375 804 417 ella,
824 373 957 408 scilicet
976 372 1133 418 Beatrix,
1155 383 1235 408 ma—

60 442 131 478 gna
160 432 333 478 magistra
361 434 589 467 secretorum
618 432 711 476 coeli,
731 433 789 467 che
815 434 920 467 reden
940 443 1004 477 me,
1025 429 1053 467 si
1071 443 1166 468 come
1185 434 1230 477 z'o,

61 491 162 537 idest,
190 491 431 538 cognoscebat
456 495 608 527 acutum
637 491 857 527 desiderium
891 503 1030 537 meum,
1063 494 1166 537 apl-[o
1200 494 1234 526 [α

60 552 178 595 bocca,
206 551 343 597 supple,
370 550 415 586 ad
442 550 666 596 loquendum
692 561 737 586 ne
756 551 948 597 perderem
978 556 1134 598 tempus,
1149 554 1234 597 pria

61 612 110 646 clz'
126 613 171 656 io,
197 611 341 656 scilicet,
361 610 542 656 aperirem
566 621 617 656 os,
637 622 658 645 α
679 612 883 655 dz‘mcmdar,
902 611 947 647 de
965 622 1073 647 causa
1097 613 1233 647 utrius-

61 682 134 717 que
161 672 212 707 rei
242 682 357 716 novae,
385 672 433 706 ad
459 673 673 716 aequelarmi
699 673 848 706 l’cmimo
875 682 1078 715 conmzosso,
1110 675 1233 717 stupe—

61 732 196 768 factum
221 731 380 767 novitate
399 731 550 777 insolita,
571 742 617 767 ne
637 735 777 769 teneret
794 729 827 776 (¹)
845 732 1009 767 animum
1026 742 1152 767 meum
1172 732 1233 767 diu

61 802 278 838 suspensum
307 791 492 837 inutiliter,
512 803 529 826 e
547 788 726 836 comincio,
749 792 887 837 supple,
906 792 1028 827 (licere
1050 792 1209 828 ridenter
1226 804 1232 826 :

60 857 94 888 lec
120 857 226 887 stesso
253 854 277 887 ti
300 853 353 897 fai
378 863 518 896 grosso,
546 856 673 887 contra
701 855 870 887 naturam
899 855 935 887 et
963 852 1095 887 bonam
1115 852 1235 898 dispo-

59 913 226 948 sitionem
242 915 357 957 tuam,
380 922 465 947 cum
486 912 638 947 deberes
656 911 788 947 amodo
808 922 886 947 esse
906 911 1055 956 subtilis,
1075 913 1129 947 col
1142 913 1236 957 falso

58 974 251 1017 imaqinar,
283 972 368 1018 quia
396 972 529 1008 scilicet
557 972 767 1018 imaginaris
799 982 878 1007 esse
911 972 1030 1007 adhuc
1066 972 1101 1006 in
1136 976 1235 1008 terra

59 1033 93 1067 in
123 1032 290 1078 paradiso
318 1032 492 1077 terrestri,
521 1031 616 1077 quod
646 1035 768 1067 tamen
797 1035 850 1066 est
877 1031 1020 1076 falsum,
1049 1032 1234 1078 quiajam

59 1102 97 1128 es
117 1092 151 1127 in
171 1093 276 1137 coelo,
291 1088 320 1127 si
338 1093 397 1127 elie
414 1103 484 1127 non
506 1093 582 1127 redi
598 1088 650 1126 ci«)
669 1093 727 1126 che
748 1093 904 1136 cedi-esti,
924 1092 1067 1136 scilicet,
1084 1102 1233 1127 causam

59 1153 136 1189 soni
165 1156 200 1188 et
227 1152 384 1197 luminis,
404 1163 439 1187 se
458 1153 604 1187 Fae-essi
620 1162 750 1195 scosso,
769 1151 870 1197 idest,
892 1155 1076 1187 remotum
1097 1163 1117 1187 a
1137 1156 1172 1188 te
1192 1152 1234 1187 il-

58 1212 120 1248 lud
140 1212 270 1247 salsum
290 1211 501 1259 imaginari,
523 1212 584 1247 sed
604 1212 725 1246 statim
744 1211 915 1256 quietabo
937 1212 1102 1247 animum
1126 1215 1232 1246 tuum

60 1273 275 1318 inquietum.
292 1293 340 1297 —
361 1275 408 1307 Tu
435 1283 504 1307 non
526 1274 582 1306 se’.
611 1272 673 1307 llic
701 1271 844 1307 Beatrix
877 1271 1036 1318 assignat
1069 1282 1231 1316 causam,

58 1343 175 1378 quare
201 1333 333 1368 Dantes
357 1332 477 1378 incipit
499 1332 627 1368 audire
648 1336 790 1367 tantum
812 1342 908 1367 nunc
927 1342 1064 1366 novum
1089 1341 1232 1377 sonum,

58 1396 94 1428 et
121 1393 245 1429 videre
273 1404 411 1429 novum
438 1393 574 1428 lumen.
604 1393 645 1427 Et
673 1392 750 1427 vult
773 1387 975 1436 filialiter(²]>
996 1392 1118 1428 dicere
1136 1392 1234 1438 quod

58 1452 133 1498 ipse
152 1453 232 1488 ideo
251 1452 351 1488 audit
366 1448 400 1497 (3)
431 1463 562 1488 sonum
591 1452 684 1497 coeli,
714 1462 785 1487 non
805 1451 890 1497 quia
918 1452 962 1487 sit
981 1451 1027 1486 ibi
1047 1452 1163 1487 sactus
1189 1452 1235 1488 de

58 1523 165 1557 novo,
194 1512 255 1548 sed
283 1512 369 1557 quia
395 1512 483 1547 dum
512 1516 624 1548 staret
651 1512 686 1547 in
714 1515 812 1547 terra
840 1522 911 1547 non
945 1515 1087 1557 poterat
1114 1512 1233 1558 ipsum

57 1572 195 1608 audire.
225 1572 396 1608 Similiter
423 1573 520 1608 videt
547 1573 673 1608 lumen
701 1572 904 1607 maximum
939 1583 1009 1607 non
1042 1573 1127 1617 quia
1162 1583 1234 1608 non

57 1636 151 1668 esset
178 1632 277 1678 prius
305 1632 363 1678 ibi,
391 1632 453 1668 sed
482 1632 567 1678 quia
596 1642 666 1667 non
694 1635 836 1678 poterat
858 1631 976 1677 ipsum
1000 1631 1125 1667 videre
1143 1632 1232 1668 dum

58 1695 152 1728 esset
178 1692 214 1727 in
242 1695 352 1728 terra.
380 1692 472 1728 Dicit
500 1702 613 1738 ergo:
634 1696 667 1727 tu
686 1702 757 1726 ηοη
774 1693 823 1726 sei
841 1693 873 1726 in
895 1695 1004 1736 (erra,
1027 1691 1119 1728 sicut
1137 1692 1233 1727 fuisti

58 1752 244 1797 hactenus,
271 1749 300 1787 sl
326 1763 421 1787 come
448 1755 481 1787 tu
508 1753 626 1796 orech,-
652 1755 687 1787 et
706 1751 860 1787 ostendit
887 1751 984 1797 quod
1007 1762 1104 1787 nunc
1126 1756 1232 1798 poeta

59 1812 274 1847 naturaliter
307 1812 467 1847 ascendit
500 1812 634 1847 coelum
671 1822 735 1857 per
770 1822 881 1847 unam
918 1812 1230 1857 comparationem

60 1872 266 1907 naturalem
300 1875 336 1907 et
370 1871 539 1907 subtilem
576 1871 747 1917 fulminis,
780 1871 879 1916 quod
911 1882 982 1906 non
1019 1874 1092 1907 tam
1131 1873 1233 1907 velo-

58 1931 148 1967 citer
175 1931 394 1967 *deseendit
428 1931 472 1966 ad
508 1935 656 1976 terram,
685 1942 796 1976 quam
829 1934 935 1976 poeta
968 1942 1065 1966 nunc
1097 1931 1233 1967 veloci-

57 1985 199 2036 ter*('*)
229 1991 389 2027 ascendit
420 1990 465 2026 ad
499 1991 646 2026 coelum.
684 1990 735 2025 Ad
770 1990 867 2035 quod
900 1990 1099 2026 notandum
1135 1991 1233 2037 quod

57 2051 202 2086 Beatrix
231 2050 512 2096 exquisitissime
546 2051 614 2085 hoc
647 2049 741 2095 dicit,
778 2050 863 2095 quia
897 2050 1021 2097 fulgur
1053 2061 1073 2086 a
1111 2051 1236 2088 calore

57 2111 140 2146 solis
168 2121 240 2145 non
268 2110 425 2145 trahitur
446 2110 512 2145 nisi
536 2120 653 2155 usque
672 2109 716 2145 ad
737 2110 893 2145 mediam
915 2110 1103 2156 regionem
1126 2112 1233 2157 aeris,

62 2174 97 2206 et
124 2171 170 2205 ibi
199 2170 386 2216 repellitur
413 2181 434 2205 a
462 2170 597 2216 frigore
624 2170 669 2205 ad
696 2173 832 2205 terram
861 2181 946 2206 cum
966 2181 1111 2206 summa
1132 2172 1234 2207 velo-

118 2264 145 2294 (ἱ)
162 2267 183 2291 4,
202 2270 234 2286 ne
253 2267 376 2287 tenerem.
502 2264 527 2292 (Ἰ)
546 2263 574 2287 E.
593 2263 788 2287 sententialiter.
916 2264 942 2293 (³)
961 2267 982 2292 4,
1001 2265 1105 2288 audivit.

119 2302 144 2331 (Ὃ
162 2302 197 2325 Le
215 2302 302 2332 parole
321 2301 358 2325 fra
376 2302 383 2325 i
401 2302 450 2325 due
468 2302 598 2325 asterischi
617 2309 661 2326 son
679 2301 788 2332 supplitc
807 2302 874 2332 dagli
892 2302 951 2326 altri
970 2305 1008 2326 tre
1025 2302 1120 2326 codici.
