1766 2856
479 254 494 285 1
503 253 546 284 06
836 256 1041 282 COMENTL‘M
1068 255 1286 281 PURGATORII

476 331 721 377 cupiscibilem
750 331 785 365 in
813 333 929 376 epate,
956 329 1174 365 irascibilem
1207 328 1243 363 in
1275 327 1367 373 felle,
1396 329 1648 375 generativam

476 393 511 427 in
539 391 731 428 testiculis:
759 389 822 425 sed
849 389 1054 425 secundum
1081 388 1328 435 Augustinum
1358 399 1432 424 una
1460 392 1496 424 et
1523 388 1651 424 eadem

475 452 595 487 anima
624 449 806 486 rationalis
833 452 887 484 est
914 459 997 494 quae
1023 448 1122 494 iavit,
1149 448 1266 493 sentit,
1286 452 1322 484 et
1349 448 1535 494 intelligit3
1556 448 1652 484 unde

475 512 574 547 dicit:
602 512 660 545 che
689 512 774 554 vive,
801 512 980 555 qnantum
1009 509 1055 544 ad
1082 509 1339 556 vegetativam.
1368 508 1499 544 Anima
1520 508 1652 544 dicitur

476 571 599 606 vivere
627 570 821 606 causaliter
843 570 928 615 quia
947 573 1001 605 est
1022 579 1132 605 causa
1153 569 1247 614 vitae,
1267 574 1303 605 et
1320 568 1446 604 vivens
1464 569 1500 603 in
1519 578 1558 604 se
1575 568 1651 614 ipsa

476 631 568 667 sicut
588 631 651 666 lux
670 630 801 666 dicitur
820 629 1000 664 luminosa
1016 632 1052 665 et
1066 639 1176 665 causa
1195 628 1359 673 luminis,
1375 639 1392 663 e
1409 632 1513 672 sente,
1530 627 1650 673 quoad

477 691 697 736 sensitivam,
708 702 726 725 e
740 689 777 725 se*
788 692 823 725 in
839 688 877 725 se*
888 691 1017 733 re'yira,
1029 692 1209 734 quantum
1225 689 1269 724 ad
1285 689 1554 734 intellectivam,
1566 688 1651 734 quia

476 751 679 787 intellectus
701 750 866 796 intelligit
892 750 911 769 >³
925 759 974 794 se,
1003 749 1094 784 sicut
1122 748 1318 795 intelligit*
1333 746 1367 793 (⁴),
1389 749 1476 794 alia3
1496 748 1594 784 unde
1616 748 1651 783 in

476 812 554 847 eius
582 811 793 857 operatione
812 810 888 855 ipse
910 812 963 845 est
983 808 1199 854 principium
1229 812 1265 844 et
1291 808 1383 853 finis,
1402 809 1460 844 vel
1482 809 1550 843 hoc
1569 807 1653 843 dicit

476 871 561 917 quia
589 874 710 905 motus
743 869 891 904 rationis
918 868 1080 914 procedit
1107 879 1128 904 a
1155 871 1324 904 creatore
1351 868 1387 903 in
1414 871 1649 912 creaturam,

475 931 604 967 deinde
623 941 644 965 a
663 933 834 965 creatura
854 929 889 963 in
904 932 1111 964 creatorem
1130 928 1368 964 circulariter.
1386 928 1427 962 Et
1447 927 1653 963 manifestat

475 991 649 1026 virtutem
668 989 770 1024 istius
788 989 920 1024 animae
939 999 1004 1034 per
1029 998 1142 1023 unam
1163 988 1321 1023 nobilem
1340 987 1652 1033 comparationem

476 1054 509 1086 et
529 1051 679 1094 claram,
698 1049 840 1085 dicens:
868 1060 885 1083 e
910 1050 1053 1093 warda
1072 1050 1096 1083 il
1112 1049 1212 1083 calor
1230 1049 1287 1083 del
1301 1049 1357 1082 sol
1372 1048 1432 1082 che
1449 1049 1480 1082 si
1494 1049 1534 1092 fa
1557 1048 1653 1091 vino,

475 1112 594 1155 9210le
621 1111 678 1144 all'
694 1120 795 1144 umor
821 1110 879 1144 che
905 1110 1002 1144 dalla
1031 1110 1094 1144 vice
1120 1110 1210 1152 cola,
1238 1108 1339 1153 idest,
1367 1108 1429 1154 qui
1455 1108 1514 1143 tali
1542 1107 1652 1143 modo

477 1171 560 1206 facit
587 1170 714 1204 vinum
743 1173 817 1204 tam
847 1169 1061 1204 mirabiliter
1093 1172 1128 1204 et
1156 1171 1341 1214 potenter,
1370 1178 1455 1203 nam
1483 1178 1529 1203 ex
1557 1167 1654 1203 vilis-

477 1231 568 1265 simo
595 1231 753 1265 humore
780 1229 863 1265 facit
890 1229 1154 1265 nobilissimum
1188 1229 1379 1274 liquorem.
1416 1229 1459 1263 Et
1491 1228 1540 1264 sic
1572 1227 1654 1264 vide

476 1293 656 1335 quantum
697 1289 922 1335 comparatio
952 1289 997 1324 sit
1028 1288 1251 1335 pulcerrima
1284 1292 1320 1324 et
1353 1288 1522 1334 propria:
1561 1287 1654 1323 sicut

477 1350 573 1386 enim
609 1350 661 1385 sol
692 1350 815 1385 calore
848 1360 915 1384 suo
951 1349 1034 1384 facit
1070 1348 1209 1393 vinum,
1243 1348 1348 1383 cuius
1382 1347 1533 1383 effectus
1569 1350 1654 1382 sunt

477 1410 600 1455 optimi
629 1413 664 1445 et
691 1410 848 1455 pessimi,
878 1409 974 1444 unde
1010 1412 1142 1444 natura
1170 1408 1242 1443 vini
1269 1418 1290 1443 a
1318 1407 1536 1453 quibusdam
1564 1406 1653 1442 assi-

478 1469 599 1504 milata
620 1473 673 1505 est
692 1469 860 1515 potentia}
880 1469 1062 1513 Deorum,
1086 1468 1133 1503 ita
1155 1468 1207 1502 sol
1227 1471 1388 1503 aeternus
1407 1466 1567 1502 bonitate
1586 1477 1652 1502 sua

478 1531 561 1566 facit
588 1530 749 1566 animam
779 1530 1009 1574 rationalem,
1028 1528 1133 1564 cuius
1154 1527 1383 1574 operationes
1401 1530 1487 1563 sunt
1508 1526 1654 1573 optimae

477 1594 511 1626 et
540 1590 715 1636 pessimae.
744 1589 845 1625 [nde
872 1593 1005 1624 natura
1032 1588 1165 1624 animae
1194 1592 1247 1623 est
1274 1588 1377 1633 quasi
1405 1587 1536 1632 divina,
1568 1586 1652 1632 quia

477 1654 531 1686 est
558 1650 662 1694 quasi
691 1649 878 1685 resultatio
905 1649 995 1684 lucis
1021 1652 1181 1692 aeternae,
1210 1648 1283 1683 imo
1319 1651 1373 1683 est
1400 1647 1503 1693 qnasi
1530 1646 1652 1682 omnia

477 1713 517 1745 ut
546 1709 662 1754 inquit
688 1708 916 1744 Tliemistius.
950 1709 993 1743 Et
1026 1708 1130 1743 dicit:
1158 1707 1286 1752 perclie'
1318 1718 1416 1742 meno
1450 1708 1592 1741 ammc'ri
1618 1707 1653 1741 la

475 1771 627 1815 parom,
647 1769 733 1814 quia
753 1779 840 1804 vere
859 1779 982 1804 sermo
1001 1772 1055 1803 est
1073 1768 1118 1803 de
1145 1778 1184 1803 re
1207 1767 1372 1802 mirabili.
1389 1769 1480 1801 —E
1499 1767 1651 1811 qnando.

478 1830 540 1865 Hic
575 1829 708 1864 Statius
743 1829 857 1875 posita
893 1828 1131 1874 productione
1169 1827 1300 1862 animae
1335 1826 1518 1861 rationalis
1555 1825 1654 1871 ponit

479 1890 572 1925 illius
600 1889 865 1935 separationem
893 1899 915 1924 a
942 1898 1096 1933 corpore
1124 1887 1263 1933 poetice
1290 1887 1431 1922 dicens:
1460 1889 1491 1921 E
1511 1887 1653 1931 quando

479 1951 638 1985 Lachesis
670 1960 739 1983 non
771 1950 815 1983 Ιια
847 1946 908 1994 ρι’ἰι
938 1949 974 1983 cli
1005 1949 1089 1991 lino,
1131 1947 1227 1992 quod
1261 1949 1316 1982 est
1349 1946 1487 1991 dicere,
1523 1945 1653 1981 deinde

478 2010 624 2055 qnando
652 2009 722 2045 vita
751 2009 907 2044 hominis
935 2011 989 2044 est
1016 2007 1138 2043 finita:
1160 2007 1228 2042 tria
1251 2006 1348 2042 enim
1372 2007 1443 2042 sata
1465 2009 1652 2052 ponuntur

476 2081 497 2105 a
525 2069 650 2115 poetis,
678 2069 722 2104 de
750 2069 883 2114 quibus
910 2068 1008 2104 clare
1035 2067 1108 2103 dixi
1135 2077 1246 2113 supra
1273 2066 1430 2112 capitulo
1451 2065 1541 2100 xxl.
1570 2064 1652 2101 Cal-

477 2129 590 2165 cidius
618 2138 707 2163 vero
734 2131 1004 2163 commentator
1024 2138 1136 2173 super
1155 2127 1334 2173 Tymeum
1356 2125 1524 2170 Platonis,
1551 2125 1652 2160 dicit:

478 2189 592 2224 fatum
619 2187 772 2223 dicimus
808 2198 852 2223 ex
880 2187 1106 2234 providentia
1133 2187 1221 2232 fore,
1250 2197 1323 2222 non
1349 2185 1574 2232 providentia
1607 2194 1652 2220 ex

542 2320 565 2348 ζ’]
585 2319 618 2342 Le
636 2318 723 2348 paroll¹
742 2318 781 2341 fra
799 2319 805 2341 i
823 2318 872 2342 due
890 2307 1022 2341 asterisc'hi
1041 2325 1086 2341 son
1104 2317 1145 2341 del
1163 2317 1254 2341 Codice
1273 2317 1387 2341 Estense.
