1766 2856
548 239 563 270 1
570 239 590 269 2
907 242 1108 268 COMENTUM
1134 242 1352 267 PURGATORII

543 315 688 350 dissime
715 315 858 359 bibere,
887 315 931 350 de
965 325 1038 360 quo
1070 314 1278 359 increpatus
1304 324 1325 348 a
1353 313 1465 348 milite
1495 314 1592 350 socio
1624 314 1713 350 dixit

545 385 583 410 se
610 385 811 420 numquam
847 374 977 409 melius
1010 374 1152 418 bibisse,
1180 374 1265 419 quia
1293 384 1497 418 numquam
1531 374 1710 410 habuerat

545 434 637 469 Sitissl
655 432 702 478 tu.

620 496 683 528 ΕἸ
699 496 806 528 savio.
835 495 905 529 Ista
932 497 984 529 est
1012 493 1117 529 tertia
1145 503 1227 538 pars
1254 492 1458 538 principalis
1487 493 1594 528 huius
1615 493 1713 539 capi-

545 553 620 598 tuli,
649 554 684 588 in
712 564 784 598 qua
802 549 837 597 (²)
866 553 1035 599 Virgilius
1063 553 1211 598 inquirit
1237 563 1258 587 a
1285 552 1396 587 Statio
1424 552 1504 597 quis
1533 553 1658 598 suerit3
1679 557 1714 589 et

544 612 661 658 primo
688 613 816 648 asserit
842 622 881 648 se
907 613 1049 647 clarum
1069 612 1113 647 de
1132 612 1365 657 responsione
1385 612 1477 647 sacta
1495 612 1540 647 ad
1562 616 1714 658 captan-

544 673 626 708 dam
656 672 966 717 benevolentiam,
987 672 1083 707 unde
1110 672 1209 707 dicit:
1233 673 1299 706 E'l
1323 673 1421 706 savio
1443 673 1545 715 (luca,
1565 672 1712 717 scilicet,

545 733 725 779 Virgilius,
753 733 890 778 supple,
917 732 1003 767 dixit
1031 732 1166 767 Statio:
1201 734 1295 766 omas
1326 734 1446 775 vegyyz‘o
1474 734 1508 766 Ia
1536 736 1618 775 rele,
1647 731 1716 767 sei-

545 793 636 837 licet,
664 796 854 838 peccatum
890 792 1064 836 avaritiae,
1092 793 1150 826 che
1182 793 1240 835 qut
1272 793 1305 826 vi
1333 793 1457 835 piylia,
1485 791 1588 836 idest,
1616 795 1714 827 tenet

544 863 608 887 vos
635 853 691 886 hic
718 856 840 896 captos
873 855 909 886 et
944 851 1082 897 ligatos,
1110 862 1128 885 e
1153 861 1248 885 come
1273 852 1304 885 si
1328 853 1522 895 scalappia,
1550 851 1651 896 idest,
1679 854 1715 886 et

544 912 647 947 video
675 911 858 956 quomodo
885 911 1048 956 aperitur
1082 910 1168 945 illud
1203 914 1280 946 rete
1313 911 1458 955 quando
1489 910 1713 956 liberamini3

544 975 579 1006 et
605 971 769 1005 similiter
797 970 912 1015 video,
946 966 1072 1014 perche*
1095 972 1126 1004 ci
1151 974 1275 1013 hema,
1304 970 1405 1014 idest,
1434 980 1505 1015 qua
1532 970 1577 1005 de
1603 980 1715 1006 causa

544 1030 581 1065 fit
609 1030 663 1065 liic
692 1033 934 1074 terraemotus,
962 1041 979 1064 e
1005 1031 1041 1064 dt?
1066 1031 1124 1064 che
1149 1030 1374 1073 congywalete,
1394 1029 1496 1073 idest,
1515 1033 1715 1076 congratu—

544 1090 667 1125 lamini
695 1090 847 1125 invicem
878 1089 1116 1135 regratiantes
1152 1089 1305 1123 Domino
1333 1089 1377 1124 de
1404 1089 1616 1124 liberatione
1647 1089 1714 1124 ali-

545 1150 648 1185 cuius
675 1150 816 1184 animae.
844 1150 887 1184 Et
920 1149 1006 1195 petit
1037 1149 1120 1193 duo,
1149 1149 1289 1184 dicens:
1325 1159 1392 1182 oret
1417 1150 1582 1192 piaccia&
1617 1150 1716 1184 cle’io

545 1211 668 1253 suppia
695 1210 747 1243 clu·
769 1210 863 1254 fostef,
895 1218 937 1244 ea
964 1208 1192 1254 placibilitate
1211 1218 1283 1252 qua
1298 1208 1375 1253 Jam
1396 1218 1483 1243 usus
1505 1218 1543 1243 es
1568 1218 1715 1243 mecum

546 1269 783 1314 placidissime
811 1268 988 1312 virorum,
1016 1278 1033 1301 e
1063 1266 1189 1312 perche*
1212 1269 1432 1311 sie'gnaeiuto
1459 1269 1528 1312 qui,
1555 1268 1648 1303 sicut
1679 1271 1716 1303 et

544 1329 602 1363 alii
630 1328 741 1371 avari.
767 1338 832 1372 per
859 1329 944 1362 {simi
969 1329 1083 1370 secoli,
1111 1327 1212 1371 idest,
1242 1337 1306 1372 per
1335 1331 1385 1362 tot
1412 1328 1620 1363 centenaria
1649 1338 1715 1362 an-

544 1398 689 1432 norum,
717 1387 861 1432 scilicet,
890 1387 1071 1432 quinque,
1101 1387 1202 1431 quasi
1229 1386 1342 1422 dicat:
1370 1387 1463 1422 bene
1493 1391 1610 1432 potest
1636 1397 1716 1423 esse

543 1452 697 1494 purgata
717 1447 867 1482 avaritia
894 1447 930 1481 in
958 1451 1004 1491 te,
1024 1447 1050 1481 si
1072 1447 1195 1482 fuisset
1213 1446 1365 1482 avaritia
1388 1447 1488 1482 Midae
1509 1448 1564 1482 vel
1583 1447 1713 1483 Crassi.

541 1507 584 1541 Et
615 1506 716 1541 dicit:
752 1508 836 1540 nelle
864 1508 989 1550 parole
1021 1510 1073 1540 tue
1107 1508 1154 1540 mi
1188 1508 1326 1550 cappia,
1364 1507 1457 1541 sicut
1496 1507 1597 1542 avari
1632 1510 1716 1542 sunt

542 1567 632 1612 capti
662 1567 729 1610 liic,
765 1569 799 1601 et
826 1566 914 1601 alios
941 1566 1086 1611 capiunt
1114 1566 1148 1600 in
1179 1566 1265 1610 vila,
1294 1566 1396 1611 quasi
1424 1567 1536 1602 dicat:
1562 1567 1715 1612 loquere

543 1625 629 1660 milii
657 1626 765 1670 clare,
795 1636 884 1672 rogo
918 1629 964 1670 te,
993 1625 1085 1660 sicut
1119 1636 1188 1671 ego
1216 1626 1359 1661 locutus
1386 1637 1467 1660 sum
1502 1627 1718 1662 tibi-Ne!

543 1688 662 1729 tempo.
692 1685 754 1720 Hic
782 1689 887 1730 poeta
916 1685 1013 1731 ponit
1046 1685 1318 1730 responsionem
1343 1686 1443 1721 Statii
1471 1687 1516 1722 ad
1556 1687 1711 1732 primam

542 1744 751 1790 petitionem
786 1744 931 1791 Virgilii,
967 1745 1028 1790 qui
1060 1745 1177 1790 primo
1216 1745 1383 1781 describit
1419 1756 1457 1781 se
1495 1747 1542 1781 ab
1578 1747 1715 1793 optimo

542 1804 702 1849 principe
730 1803 797 1838 sub
824 1814 897 1849 quo
925 1805 1065 1840 claruit.
1086 1805 1128 1839 Et
1146 1805 1190 1840 ad
1212 1805 1478 1852 intelligendam
1508 1806 1611 1842 istam
1636 1807 1716 1843 lite-

544 1873 622 1898 ram
650 1873 747 1907 sane,
767 1874 879 1908 quam
902 1864 1006 1898 multi
1026 1864 1237 1910 ignoranter
1260 1869 1486 1911 pervertunt,
1506 1870 1559 1901 est
1577 1870 1715 1902 attente

542 1922 742 1967 sciendum,
765 1923 863 1968 quod
888 1923 980 1959 sicut
1006 1928 1122 1969 potest
1145 1924 1263 1970 colligi
1291 1935 1334 1959 ex
1365 1925 1487 1960 multis
1512 1926 1715 1971 autoribus,

542 1983 636 2017 Nero
657 1982 856 2027 imperator
871 1983 915 2018 ad
933 1983 1202 2019 resraenandum
1224 1984 1367 2020 furores
1391 1985 1637 2030 liebraeorum,
1653 1986 1715 2031 qui

541 2041 622 2077 facti
650 2046 754 2076 erant
782 2043 935 2078 rebelles
964 2053 1116 2078 romano
1144 2044 1308 2089 imperio,
1330 2044 1425 2079 misit
1452 2044 1714 2090 Vespasianum

541 2100 661 2135 virum
690 2101 994 2146 sapientissimum
1023 2107 1058 2138 et
1090 2103 1383 2139 strenuissimum
1417 2114 1621 2149 armorum,
1653 2105 1717 2150 qui

542 2159 638 2194 ferro
666 2164 701 2195 et
729 2160 811 2206 igne
838 2161 956 2207 primo
990 2163 1144 2198 vastavit
1171 2163 1369 2208 Galilaeam,
1396 2163 1525 2199 deinde
1553 2164 1715 2210 reliquas

605 2285 631 2315 (¹)
652 2288 702 2314 117,
721 2287 845 2311 maiorem
863 2288 939 2311 sitim.
1040 2323 1047 2327 -
1120 2288 1148 2318 (²)
1166 2289 1194 2312 E.
1213 2290 1237 2312 in
1254 2296 1303 2320 qua
1322 2293 1395 2320 poeta
1413 2290 1543 2320 Virgilius.
