<?xml version="1.0" encoding="UTF-8"?>
<!DOCTYPE html PUBLIC "-//W3C//DTD XHTML 1.0 Transitional//EN"
    "http://www.w3.org/TR/xhtml1/DTD/xhtml1-transitional.dtd">
<html xmlns="http://www.w3.org/1999/xhtml" xml:lang="en" lang="en">
 <head>
  <title>
</title>
<meta http-equiv="Content-Type" content="text/html;charset=utf-8" />
  <meta name='ocr-system' content='tesseract 3.04.00' />
  <meta name='ocr-capabilities' content='ocr_page ocr_carea ocr_par ocr_line ocrx_word'/>
</head>
<body>
  <div class='ocr_page' id='page_1' title='image "./comentumsuperdan04benvuoft_0036.png"; bbox 0 0 1766 2856; ppageno 0'>
   <div class='ocr_carea' id='block_1_1' title="bbox 527 240 1333 270">
    <p class='ocr_par' dir='ltr' id='par_1_1' title="bbox 527 240 1333 270">
     <span class='ocr_line' id='line_1_1' title="bbox 527 240 1333 270; baseline -0.006 0"><span class='ocrx_word' id='word_1_1' title='bbox 527 240 572 270; x_wconf 75' lang='lat'>24</span> <span class='ocrx_word' id='word_1_2' title='bbox 884 243 1088 269; x_wconf 68' lang='lat' dir='ltr'>COMENTLM</span> <span class='ocrx_word' id='word_1_3' title='bbox 1115 241 1333 267; x_wconf 69' lang='lat' dir='ltr'><strong>PL‘RGATORII</strong></span> 
     </span>
    </p>
   </div>
   <div class='ocr_carea' id='block_1_2' title="bbox 520 312 1700 2213">
    <p class='ocr_par' dir='ltr' id='par_1_2' title="bbox 520 312 1700 2213">
     <span class='ocr_line' id='line_1_2' title="bbox 525 312 1698 359; baseline -0.004 -6"><span class='ocrx_word' id='word_1_4' title='bbox 525 320 568 353; x_wconf 71' lang='grc' dir='ltr'>ιη’</span> <span class='ocrx_word' id='word_1_5' title='bbox 584 318 726 352; x_wconf 69' lang='lat' dir='ltr'>andana</span> <span class='ocrx_word' id='word_1_6' title='bbox 752 312 781 351; x_wconf 71' lang='grc' dir='ltr'>εὶ</span> <span class='ocrx_word' id='word_1_7' title='bbox 807 317 864 350; x_wconf 75' lang='lat' dir='ltr'>che</span> <span class='ocrx_word' id='word_1_8' title='bbox 890 317 1031 359; x_wconf 65' lang='lat' dir='ltr'>sequit-(1</span> <span class='ocrx_word' id='word_1_9' title='bbox 1058 316 1091 349; x_wconf 75' lang='lat' dir='ltr'>in</span> <span class='ocrx_word' id='word_1_10' title='bbox 1120 325 1172 358; x_wconf 79' lang='lat' dir='ltr'>su,</span> <span class='ocrx_word' id='word_1_11' title='bbox 1212 324 1277 359; x_wconf 88' lang='lat' dir='ltr'>per</span> <span class='ocrx_word' id='word_1_12' title='bbox 1305 313 1439 349; x_wconf 87' lang='lat' dir='ltr'>scalam</span> <span class='ocrx_word' id='word_1_13' title='bbox 1467 313 1643 359; x_wconf 83' lang='lat' dir='ltr'><strong>quintam,</strong></span> <span class='ocrx_word' id='word_1_14' title='bbox 1673 315 1698 348; x_wconf 77' lang='lat' dir='ltr'>li</span> 
     </span>
     <span class='ocr_line' id='line_1_3' title="bbox 522 373 1697 422; baseline -0.005 -9"><span class='ocrx_word' id='word_1_15' title='bbox 522 379 634 422; x_wconf 74' lang='lat' dir='ltr'>spiriti</span> <span class='ocrx_word' id='word_1_16' title='bbox 670 378 785 419; x_wconf 70' lang='lat' dir='ltr'>veloci,</span> <span class='ocrx_word' id='word_1_17' title='bbox 818 375 963 420; x_wconf 87' lang='lat' dir='ltr'>scilicet,</span> <span class='ocrx_word' id='word_1_18' title='bbox 1001 374 1191 421; x_wconf 72' lang='lat' dir='ltr'>Virgilium</span> <span class='ocrx_word' id='word_1_19' title='bbox 1224 377 1259 409; x_wconf 87' lang='lat' dir='ltr'>et</span> <span class='ocrx_word' id='word_1_20' title='bbox 1293 373 1460 418; x_wconf 81' lang='lat' dir='ltr'>Statium,</span> <span class='ocrx_word' id='word_1_21' title='bbox 1497 373 1559 418; x_wconf 92' lang='lat' dir='ltr'>qui</span> <span class='ocrx_word' id='word_1_22' title='bbox 1592 376 1697 408; x_wconf 90' lang='lat' dir='ltr'>erant</span> 
     </span>
     <span class='ocr_line' id='line_1_4' title="bbox 523 432 1697 483; baseline -0.005 -10"><span class='ocrx_word' id='word_1_23' title='bbox 523 438 599 473; x_wconf 89' lang='lat' dir='ltr'>sine</span> <span class='ocrx_word' id='word_1_24' title='bbox 626 437 804 483; x_wconf 72' lang='lat' dir='ltr'>gravitate</span> <span class='ocrx_word' id='word_1_25' title='bbox 836 435 966 480; x_wconf 85' lang='lat' dir='ltr'>carnis,</span> <span class='ocrx_word' id='word_1_26' title='bbox 993 438 1028 470; x_wconf 92' lang='lat' dir='ltr'>et</span> <span class='ocrx_word' id='word_1_27' title='bbox 1060 434 1270 470; x_wconf 86' lang='lat' dir='ltr'>habuerunt</span> <span class='ocrx_word' id='word_1_28' title='bbox 1298 436 1429 479; x_wconf 77' lang='lat' dir='ltr'>praesto</span> <span class='ocrx_word' id='word_1_29' title='bbox 1461 432 1626 479; x_wconf 71' lang='lat' dir='ltr'>ingenia,</span> <span class='ocrx_word' id='word_1_30' title='bbox 1661 436 1697 468; x_wconf 91' lang='lat' dir='ltr'>et</span> 
     </span>
     <span class='ocr_line' id='line_1_5' title="bbox 524 492 1697 541; baseline -0.005 -8"><span class='ocrx_word' id='word_1_31' title='bbox 524 498 626 533; x_wconf 85' lang='lat' dir='ltr'>dicit:</span> <span class='ocrx_word' id='word_1_32' title='bbox 658 507 765 531; x_wconf 71' lang='lat' dir='ltr'>senza</span> <span class='ocrx_word' id='word_1_33' title='bbox 797 497 899 530; x_wconf 74' lang='lat' dir='ltr'>alcun</span> <span class='ocrx_word' id='word_1_34' title='bbox 932 495 1074 530; x_wconf 80' lang='lat' dir='ltr'>labore:</span> <span class='ocrx_word' id='word_1_35' title='bbox 1108 494 1285 541; x_wconf 78' lang='lat' dir='ltr'>intelligas</span> <span class='ocrx_word' id='word_1_36' title='bbox 1319 503 1383 539; x_wconf 90' lang='lat' dir='ltr'>per</span> <span class='ocrx_word' id='word_1_37' title='bbox 1417 497 1623 539; x_wconf 86' lang='lat' dir='ltr'>respectum</span> <span class='ocrx_word' id='word_1_38' title='bbox 1651 492 1697 528; x_wconf 91' lang='lat' dir='ltr'>ad</span> 
     </span>
     <span class='ocr_line' id='line_1_6' title="bbox 525 553 1696 600; baseline -0.006 -7"><span class='ocrx_word' id='word_1_39' title='bbox 525 558 613 593; x_wconf 89' lang='lat' dir='ltr'>alios</span> <span class='ocrx_word' id='word_1_40' title='bbox 640 556 814 600; x_wconf 71' lang='lat' dir='ltr'>circulos,</span> <span class='ocrx_word' id='word_1_41' title='bbox 843 560 877 591; x_wconf 91' lang='lat' dir='ltr'>et</span> <span class='ocrx_word' id='word_1_42' title='bbox 905 554 989 600; x_wconf 87' lang='lat' dir='ltr'>quia</span> <span class='ocrx_word' id='word_1_43' title='bbox 1018 555 1209 599; x_wconf 89' lang='lat' dir='ltr'>hucusque</span> <span class='ocrx_word' id='word_1_44' title='bbox 1242 553 1367 589; x_wconf 90' lang='lat' dir='ltr'>habuit</span> <span class='ocrx_word' id='word_1_45' title='bbox 1403 556 1545 588; x_wconf 89' lang='lat' dir='ltr'>tantum</span> <span class='ocrx_word' id='word_1_46' title='bbox 1579 562 1696 587; x_wconf 92' lang='lat' dir='ltr'>unum</span> 
     </span>
     <span class='ocr_line' id='line_1_7' title="bbox 525 611 1694 661; baseline -0.004 -9"><span class='ocrx_word' id='word_1_47' title='bbox 525 617 669 661; x_wconf 90' lang='lat' dir='ltr'>ducem,</span> <span class='ocrx_word' id='word_1_48' title='bbox 697 615 888 661; x_wconf 77' lang='lat' dir='ltr'>Virgilium</span> <span class='ocrx_word' id='word_1_49' title='bbox 904 611 952 659; x_wconf 56' lang='grc' dir='ltr'>ζ’),</span> <span class='ocrx_word' id='word_1_50' title='bbox 981 624 1078 649; x_wconf 91' lang='lat' dir='ltr'>nunc</span> <span class='ocrx_word' id='word_1_51' title='bbox 1106 624 1195 649; x_wconf 68' lang='lat' dir='ltr'>vero</span> <span class='ocrx_word' id='word_1_52' title='bbox 1223 613 1378 648; x_wconf 88' lang='lat' dir='ltr'>habebat</span> <span class='ocrx_word' id='word_1_53' title='bbox 1401 613 1525 658; x_wconf 86' lang='lat' dir='ltr'>alium,</span> <span class='ocrx_word' id='word_1_54' title='bbox 1548 612 1694 657; x_wconf 88' lang='lat' dir='ltr'>scilicet,</span> 
     </span>
     <span class='ocr_line' id='line_1_8' title="bbox 525 673 1697 721; baseline -0.003 -10"><span class='ocrx_word' id='word_1_55' title='bbox 525 676 693 720; x_wconf 80' lang='lat' dir='ltr'>Statium,</span> <span class='ocrx_word' id='word_1_56' title='bbox 717 675 779 721; x_wconf 89' lang='lat' dir='ltr'>qui</span> <span class='ocrx_word' id='word_1_57' title='bbox 806 674 1025 719; x_wconf 90' lang='lat' dir='ltr'>loquebatur</span> <span class='ocrx_word' id='word_1_58' title='bbox 1052 677 1127 709; x_wconf 86' lang='lat' dir='ltr'>tam</span> <span class='ocrx_word' id='word_1_59' title='bbox 1146 673 1299 708; x_wconf 88' lang='lat' dir='ltr'>dulciter</span> <span class='ocrx_word' id='word_1_60' title='bbox 1318 683 1403 708; x_wconf 88' lang='lat' dir='ltr'>cum</span> <span class='ocrx_word' id='word_1_61' title='bbox 1424 683 1571 708; x_wconf 85' lang='lat' dir='ltr'>summo</span> <span class='ocrx_word' id='word_1_62' title='bbox 1589 675 1697 718; x_wconf 86' lang='lat' dir='ltr'>poeta</span> 
     </span>
     <span class='ocr_line' id='line_1_9' title="bbox 526 732 1697 782; baseline -0.003 -11"><span class='ocrx_word' id='word_1_63' title='bbox 526 736 685 782; x_wconf 80' lang='lat' dir='ltr'>Virgilio,</span> <span class='ocrx_word' id='word_1_64' title='bbox 713 735 810 781; x_wconf 89' lang='lat' dir='ltr'>quod</span> <span class='ocrx_word' id='word_1_65' title='bbox 839 735 970 770; x_wconf 89' lang='lat' dir='ltr'>Dantes</span> <span class='ocrx_word' id='word_1_66' title='bbox 997 744 1069 769; x_wconf 90' lang='lat' dir='ltr'>non</span> <span class='ocrx_word' id='word_1_67' title='bbox 1097 733 1275 769; x_wconf 79' lang='lat' dir='ltr'>sentiebat</span> <span class='ocrx_word' id='word_1_68' title='bbox 1301 733 1465 768; x_wconf 88' lang='lat' dir='ltr'>laborem</span> <span class='ocrx_word' id='word_1_69' title='bbox 1494 733 1572 777; x_wconf 75' lang='lat' dir='ltr'>viae,</span> <span class='ocrx_word' id='word_1_70' title='bbox 1593 732 1697 778; x_wconf 86' lang='lat' dir='ltr'>quasi</span> 
     </span>
     <span class='ocr_line' id='line_1_10' title="bbox 526 793 1695 842; baseline -0.003 -11"><span class='ocrx_word' id='word_1_71' title='bbox 526 799 689 842; x_wconf 89' lang='lat' dir='ltr'>portatus</span> <span class='ocrx_word' id='word_1_72' title='bbox 714 806 735 830; x_wconf 92' lang='lat' dir='ltr'>a</span> <span class='ocrx_word' id='word_1_73' title='bbox 755 795 921 830; x_wconf 83' lang='lat' dir='ltr'>vehiculo</span> <span class='ocrx_word' id='word_1_74' title='bbox 949 794 1126 829; x_wconf 91' lang='lat' dir='ltr'>sermonis</span> <span class='ocrx_word' id='word_1_75' title='bbox 1154 803 1298 837; x_wconf 87' lang='lat' dir='ltr'>eorum,</span> <span class='ocrx_word' id='word_1_76' title='bbox 1318 797 1357 827; x_wconf 90' lang='lat' dir='ltr'>ut</span> <span class='ocrx_word' id='word_1_77' title='bbox 1376 793 1495 828; x_wconf 90' lang='lat' dir='ltr'>statim</span> <span class='ocrx_word' id='word_1_78' title='bbox 1518 793 1695 838; x_wconf 88' lang='lat' dir='ltr'>sequitur.</span> 
     </span>
     <span class='ocr_line' id='line_1_11' title="bbox 525 852 1698 899; baseline -0.003 -10"><span class='ocrx_word' id='word_1_79' title='bbox 525 875 574 880; x_wconf 98' lang='lat'><strong>—</strong></span> <span class='ocrx_word' id='word_1_80' title='bbox 592 856 748 897; x_wconf 73' lang='lat' dir='ltr'>Qnamlo.</span> <span class='ocrx_word' id='word_1_81' title='bbox 777 854 840 889; x_wconf 87' lang='lat' dir='ltr'>Hic</span> <span class='ocrx_word' id='word_1_82' title='bbox 867 857 973 899; x_wconf 89' lang='lat' dir='ltr'>poeta</span> <span class='ocrx_word' id='word_1_83' title='bbox 1005 853 1103 898; x_wconf 89' lang='lat' dir='ltr'>ponit</span> <span class='ocrx_word' id='word_1_84' title='bbox 1136 853 1293 888; x_wconf 90' lang='lat' dir='ltr'>nobilem</span> <span class='ocrx_word' id='word_1_85' title='bbox 1326 853 1530 887; x_wconf 85' lang='lat' dir='ltr'>orationem</span> <span class='ocrx_word' id='word_1_86' title='bbox 1559 852 1698 898; x_wconf 83' lang='lat' dir='ltr'>Virgilii</span> 
     </span>
     <span class='ocr_line' id='line_1_12' title="bbox 524 912 1699 959; baseline -0.002 -10"><span class='ocrx_word' id='word_1_87' title='bbox 524 915 570 950; x_wconf 91' lang='lat' dir='ltr'>ad</span> <span class='ocrx_word' id='word_1_88' title='bbox 590 915 755 958; x_wconf 87' lang='lat' dir='ltr'>Statium,</span> <span class='ocrx_word' id='word_1_89' title='bbox 776 913 838 959; x_wconf 90' lang='lat' dir='ltr'>qui</span> <span class='ocrx_word' id='word_1_90' title='bbox 858 913 976 959; x_wconf 92' lang='lat' dir='ltr'>primo</span> <span class='ocrx_word' id='word_1_91' title='bbox 994 913 1038 948; x_wconf 92' lang='lat' dir='ltr'>ad</span> <span class='ocrx_word' id='word_1_92' title='bbox 1058 913 1272 959; x_wconf 87' lang='lat' dir='ltr'>captandam</span> <span class='ocrx_word' id='word_1_93' title='bbox 1293 912 1584 948; x_wconf 75' lang='lat' dir='ltr'>benevolentiam</span> <span class='ocrx_word' id='word_1_94' title='bbox 1604 922 1699 958; x_wconf 85' lang='lat' dir='ltr'>prae-</span> 
     </span>
     <span class='ocr_line' id='line_1_13' title="bbox 527 973 1698 1017; baseline -0.003 -7"><span class='ocrx_word' id='word_1_95' title='bbox 527 975 634 1010; x_wconf 85' lang='lat' dir='ltr'>mittit</span> <span class='ocrx_word' id='word_1_96' title='bbox 661 974 856 1009; x_wconf 86' lang='lat' dir='ltr'>notabilem</span> <span class='ocrx_word' id='word_1_97' title='bbox 885 973 1101 1009; x_wconf 84' lang='lat' dir='ltr'>sententiam</span> <span class='ocrx_word' id='word_1_98' title='bbox 1128 973 1174 1008; x_wconf 88' lang='lat' dir='ltr'>de</span> <span class='ocrx_word' id='word_1_99' title='bbox 1200 983 1329 1008; x_wconf 86' lang='lat' dir='ltr'>amore</span> <span class='ocrx_word' id='word_1_100' title='bbox 1356 973 1518 1017; x_wconf 85' lang='lat' dir='ltr'>honesto,</span> <span class='ocrx_word' id='word_1_101' title='bbox 1539 982 1622 1017; x_wconf 55' lang='lat' dir='ltr'>quaa</span> <span class='ocrx_word' id='word_1_102' title='bbox 1644 975 1698 1007; x_wconf 85' lang='lat' dir='ltr'>est</span> 
     </span>
     <span class='ocr_line' id='line_1_14' title="bbox 528 1031 1696 1080; baseline -0.003 -10"><span class='ocrx_word' id='word_1_103' title='bbox 528 1034 624 1080; x_wconf 88' lang='lat' dir='ltr'>quod</span> <span class='ocrx_word' id='word_1_104' title='bbox 651 1044 756 1069; x_wconf 93' lang='lat' dir='ltr'>amor</span> <span class='ocrx_word' id='word_1_105' title='bbox 784 1033 927 1068; x_wconf 81' lang='lat' dir='ltr'>virtutis</span> <span class='ocrx_word' id='word_1_106' title='bbox 953 1033 1062 1068; x_wconf 90' lang='lat' dir='ltr'>habet</span> <span class='ocrx_word' id='word_1_107' title='bbox 1090 1033 1182 1068; x_wconf 87' lang='lat' dir='ltr'>banc</span> <span class='ocrx_word' id='word_1_108' title='bbox 1210 1036 1393 1078; x_wconf 91' lang='lat' dir='ltr'>potentem</span> <span class='ocrx_word' id='word_1_109' title='bbox 1421 1031 1696 1077; x_wconf 82' lang='lat' dir='ltr'>proprietatem,</span> 
     </span>
     <span class='ocr_line' id='line_1_15' title="bbox 527 1091 1697 1140; baseline -0.003 -11"><span class='ocrx_word' id='word_1_110' title='bbox 527 1094 625 1140; x_wconf 88' lang='lat' dir='ltr'>quod</span> <span class='ocrx_word' id='word_1_111' title='bbox 652 1093 746 1140; x_wconf 86' lang='lat' dir='ltr'>cogit</span> <span class='ocrx_word' id='word_1_112' title='bbox 774 1103 919 1138; x_wconf 85' lang='lat' dir='ltr'>semper</span> <span class='ocrx_word' id='word_1_113' title='bbox 945 1095 1110 1127; x_wconf 89' lang='lat' dir='ltr'>amatum</span> <span class='ocrx_word' id='word_1_114' title='bbox 1139 1092 1332 1128; x_wconf 88' lang='lat' dir='ltr'>redamare</span> <span class='ocrx_word' id='word_1_115' title='bbox 1362 1096 1560 1137; x_wconf 90' lang='lat' dir='ltr'>amantem,</span> <span class='ocrx_word' id='word_1_116' title='bbox 1588 1091 1697 1127; x_wconf 91' lang='lat' dir='ltr'>dum-</span> 
     </span>
     <span class='ocr_line' id='line_1_16' title="bbox 526 1152 1695 1198; baseline -0.003 -9"><span class='ocrx_word' id='word_1_117' title='bbox 526 1154 634 1189; x_wconf 83' lang='lat' dir='ltr'>modo</span> <span class='ocrx_word' id='word_1_118' title='bbox 661 1164 766 1188; x_wconf 89' lang='lat' dir='ltr'>amor</span> <span class='ocrx_word' id='word_1_119' title='bbox 793 1156 966 1198; x_wconf 84' lang='lat' dir='ltr'>appareat</span> <span class='ocrx_word' id='word_1_120' title='bbox 992 1156 1096 1188; x_wconf 79' lang='lat' dir='ltr'>extra</span> <span class='ocrx_word' id='word_1_121' title='bbox 1119 1163 1184 1198; x_wconf 91' lang='lat' dir='ltr'>per</span> <span class='ocrx_word' id='word_1_122' title='bbox 1206 1152 1352 1197; x_wconf 84' lang='lat' dir='ltr'>aliquod</span> <span class='ocrx_word' id='word_1_123' title='bbox 1371 1152 1518 1187; x_wconf 70' lang='lat' dir='ltr'>evidens</span> <span class='ocrx_word' id='word_1_124' title='bbox 1539 1152 1695 1198; x_wconf 87' lang='lat' dir='ltr'>signum.</span> 
     </span>
     <span class='ocr_line' id='line_1_17' title="bbox 527 1212 1698 1260; baseline -0.003 -11"><span class='ocrx_word' id='word_1_125' title='bbox 527 1214 618 1250; x_wconf 84' lang='lat' dir='ltr'>Dicit</span> <span class='ocrx_word' id='word_1_126' title='bbox 645 1224 734 1260; x_wconf 91' lang='lat' dir='ltr'>ergo</span> <span class='ocrx_word' id='word_1_127' title='bbox 761 1217 884 1259; x_wconf 90' lang='lat' dir='ltr'>poeta:</span> <span class='ocrx_word' id='word_1_128' title='bbox 914 1213 962 1247; x_wconf 91' lang='lat' dir='ltr'>ita</span> <span class='ocrx_word' id='word_1_129' title='bbox 981 1212 1077 1247; x_wconf 90' lang='lat' dir='ltr'>ibam</span> <span class='ocrx_word' id='word_1_130' title='bbox 1097 1212 1281 1257; x_wconf 77' lang='lat' dir='ltr'>velociter,</span> <span class='ocrx_word' id='word_1_131' title='bbox 1302 1213 1442 1256; x_wconf 78' lang='lat' dir='ltr'>quando</span> <span class='ocrx_word' id='word_1_132' title='bbox 1470 1213 1612 1255; x_wconf 73' lang='lat' dir='ltr'>I&#39;iryz&#39;lio</span> <span class='ocrx_word' id='word_1_133' title='bbox 1637 1222 1698 1246; x_wconf 81' lang='lat' dir='ltr'>co-</span> 
     </span>
     <span class='ocr_line' id='line_1_18' title="bbox 527 1270 1696 1318; baseline -0.002 -10"><span class='ocrx_word' id='word_1_134' title='bbox 527 1270 665 1317; x_wconf 69' lang='lat' dir='ltr'>mittce&#39;c),</span> <span class='ocrx_word' id='word_1_135' title='bbox 685 1273 822 1318; x_wconf 82' lang='lat' dir='ltr'>supple,</span> <span class='ocrx_word' id='word_1_136' title='bbox 850 1272 971 1308; x_wconf 89' lang='lat' dir='ltr'>dicere</span> <span class='ocrx_word' id='word_1_137' title='bbox 998 1282 1126 1307; x_wconf 74' lang='lat' dir='ltr'>versus</span> <span class='ocrx_word' id='word_1_138' title='bbox 1153 1272 1329 1307; x_wconf 86' lang='lat' dir='ltr'>Statium:</span> <span class='ocrx_word' id='word_1_139' title='bbox 1349 1275 1491 1315; x_wconf 78' lang='lat' dir='ltr'>Amore,</span> <span class='ocrx_word' id='word_1_140' title='bbox 1510 1282 1629 1306; x_wconf 81' lang='lat' dir='ltr'>acceso</span> <span class='ocrx_word' id='word_1_141' title='bbox 1649 1273 1696 1306; x_wconf 81' lang='lat' dir='ltr'>da</span> 
     </span>
     <span class='ocr_line' id='line_1_19' title="bbox 528 1331 1697 1377; baseline -0.002 -9"><span class='ocrx_word' id='word_1_142' title='bbox 528 1331 622 1368; x_wconf 66' lang='lat' dir='ltr'>vertit</span> <span class='ocrx_word' id='word_1_143' title='bbox 648 1343 783 1377; x_wconf 77' lang='lat' dir='ltr'>sempre</span> <span class='ocrx_word' id='word_1_144' title='bbox 801 1334 884 1367; x_wconf 69' lang='lat' dir='ltr'>altri</span> <span class='ocrx_word' id='word_1_145' title='bbox 900 1342 1029 1375; x_wconf 80' lang='lat' dir='ltr'>accese,</span> <span class='ocrx_word' id='word_1_146' title='bbox 1047 1331 1092 1367; x_wconf 91' lang='lat' dir='ltr'>ad</span> <span class='ocrx_word' id='word_1_147' title='bbox 1121 1331 1341 1367; x_wconf 91' lang='lat' dir='ltr'>reddendam</span> <span class='ocrx_word' id='word_1_148' title='bbox 1362 1332 1427 1367; x_wconf 87' lang='lat' dir='ltr'>sibi</span> <span class='ocrx_word' id='word_1_149' title='bbox 1449 1332 1580 1377; x_wconf 72' lang='lat' dir='ltr'>vicem,</span> <span class='ocrx_word' id='word_1_150' title='bbox 1599 1331 1697 1377; x_wconf 91' lang='lat' dir='ltr'>quod</span> 
     </span>
     <span class='ocr_line' id='line_1_20' title="bbox 525 1391 1699 1436; baseline -0.003 -8"><span class='ocrx_word' id='word_1_151' title='bbox 525 1403 597 1428; x_wconf 90' lang='lat' dir='ltr'>non</span> <span class='ocrx_word' id='word_1_152' title='bbox 624 1392 707 1427; x_wconf 84' lang='lat' dir='ltr'>facit</span> <span class='ocrx_word' id='word_1_153' title='bbox 733 1402 838 1426; x_wconf 90' lang='lat' dir='ltr'>amor</span> <span class='ocrx_word' id='word_1_154' title='bbox 866 1391 949 1427; x_wconf 84' lang='lat' dir='ltr'>boni</span> <span class='ocrx_word' id='word_1_155' title='bbox 977 1391 1072 1426; x_wconf 93' lang='lat' dir='ltr'>utilis</span> <span class='ocrx_word' id='word_1_156' title='bbox 1101 1392 1157 1427; x_wconf 78' lang='lat' dir='ltr'>vel</span> <span class='ocrx_word' id='word_1_157' title='bbox 1185 1391 1423 1436; x_wconf 75' lang='lat' dir='ltr'>delectabilis,</span> <span class='ocrx_word' id='word_1_158' title='bbox 1451 1395 1487 1427; x_wconf 90' lang='lat' dir='ltr'>et</span> <span class='ocrx_word' id='word_1_159' title='bbox 1512 1391 1605 1426; x_wconf 88' lang='lat' dir='ltr'>forte</span> <span class='ocrx_word' id='word_1_160' title='bbox 1632 1391 1699 1426; x_wconf 89' lang='lat' dir='ltr'>ista</span> 
     </span>
     <span class='ocr_line' id='line_1_21' title="bbox 527 1450 1697 1498; baseline -0.003 -10"><span class='ocrx_word' id='word_1_161' title='bbox 527 1452 654 1498; x_wconf 88' lang='lat' dir='ltr'>regula</span> <span class='ocrx_word' id='word_1_162' title='bbox 683 1462 753 1486; x_wconf 90' lang='lat' dir='ltr'>non</span> <span class='ocrx_word' id='word_1_163' title='bbox 781 1454 833 1486; x_wconf 85' lang='lat' dir='ltr'>est</span> <span class='ocrx_word' id='word_1_164' title='bbox 860 1462 1005 1496; x_wconf 84' lang='lat' dir='ltr'>semper</span> <span class='ocrx_word' id='word_1_165' title='bbox 1034 1461 1120 1486; x_wconf 77' lang='lat' dir='ltr'>vera</span> <span class='ocrx_word' id='word_1_166' title='bbox 1149 1451 1183 1485; x_wconf 92' lang='lat' dir='ltr'>in</span> <span class='ocrx_word' id='word_1_167' title='bbox 1210 1451 1306 1486; x_wconf 92' lang='lat' dir='ltr'>bono</span> <span class='ocrx_word' id='word_1_168' title='bbox 1337 1452 1504 1495; x_wconf 80' lang='lat' dir='ltr'>honest03</span> <span class='ocrx_word' id='word_1_169' title='bbox 1533 1454 1568 1486; x_wconf 88' lang='lat' dir='ltr'>et</span> <span class='ocrx_word' id='word_1_170' title='bbox 1594 1450 1697 1486; x_wconf 91' lang='lat' dir='ltr'>dicit:</span> 
     </span>
     <span class='ocr_line' id='line_1_22' title="bbox 520 1510 1700 1557; baseline -0.001 -11"><span class='ocrx_word' id='word_1_171' title='bbox 520 1522 592 1557; x_wconf 78' lang='lat' dir='ltr'>pur</span> <span class='ocrx_word' id='word_1_172' title='bbox 620 1512 678 1546; x_wconf 80' lang='lat' dir='ltr'>che</span> <span class='ocrx_word' id='word_1_173' title='bbox 705 1513 739 1546; x_wconf 83' lang='lat' dir='ltr'>la</span> <span class='ocrx_word' id='word_1_174' title='bbox 763 1513 909 1555; x_wconf 74' lang='lat' dir='ltr'>fiammcz</span> <span class='ocrx_word' id='word_1_175' title='bbox 927 1521 1004 1553; x_wconf 73' lang='lat' dir='ltr'>sna,</span> <span class='ocrx_word' id='word_1_176' title='bbox 1024 1511 1123 1555; x_wconf 88' lang='lat' dir='ltr'>idest,</span> <span class='ocrx_word' id='word_1_177' title='bbox 1144 1510 1306 1555; x_wconf 82' lang='lat' dir='ltr'>effectus,</span> <span class='ocrx_word' id='word_1_178' title='bbox 1325 1521 1471 1554; x_wconf 76' lang='lat' dir='ltr'>paresse</span> <span class='ocrx_word' id='word_1_179' title='bbox 1493 1512 1609 1555; x_wconf 72' lang='lat' dir='ltr'>fetore,</span> <span class='ocrx_word' id='word_1_180' title='bbox 1631 1510 1700 1545; x_wconf 87' lang='lat' dir='ltr'>sci-</span> 
     </span>
     <span class='ocr_line' id='line_1_23' title="bbox 525 1570 1699 1617; baseline 0 -11"><span class='ocrx_word' id='word_1_181' title='bbox 525 1571 617 1615; x_wconf 89' lang='lat' dir='ltr'>licet,</span> <span class='ocrx_word' id='word_1_182' title='bbox 646 1582 710 1616; x_wconf 88' lang='lat' dir='ltr'>per</span> <span class='ocrx_word' id='word_1_183' title='bbox 737 1582 860 1616; x_wconf 85' lang='lat' dir='ltr'>opera.</span> <span class='ocrx_word' id='word_1_184' title='bbox 889 1571 991 1606; x_wconf 86' lang='lat' dir='ltr'>Unde</span> <span class='ocrx_word' id='word_1_185' title='bbox 1018 1571 1184 1605; x_wconf 68' lang='lat' dir='ltr'>videmus</span> <span class='ocrx_word' id='word_1_186' title='bbox 1209 1570 1307 1615; x_wconf 90' lang='lat' dir='ltr'>quod</span> <span class='ocrx_word' id='word_1_187' title='bbox 1328 1580 1423 1615; x_wconf 77' lang='lat' dir='ltr'>saepe</span> <span class='ocrx_word' id='word_1_188' title='bbox 1442 1570 1624 1617; x_wconf 88' lang='lat' dir='ltr'>diligimus</span> <span class='ocrx_word' id='word_1_189' title='bbox 1644 1571 1699 1606; x_wconf 65' lang='lat' dir='ltr'>vi—</span> 
     </span>
     <span class='ocr_line' id='line_1_24' title="bbox 526 1630 1699 1676; baseline -0.001 -10"><span class='ocrx_word' id='word_1_190' title='bbox 526 1642 609 1666; x_wconf 91' lang='lat' dir='ltr'>rum</span> <span class='ocrx_word' id='word_1_191' title='bbox 639 1631 856 1675; x_wconf 82' lang='lat' dir='ltr'>virtuosum,</span> <span class='ocrx_word' id='word_1_192' title='bbox 885 1630 1053 1675; x_wconf 87' lang='lat' dir='ltr'>quamvis</span> <span class='ocrx_word' id='word_1_193' title='bbox 1080 1641 1152 1665; x_wconf 91' lang='lat' dir='ltr'>non</span> <span class='ocrx_word' id='word_1_194' title='bbox 1172 1630 1290 1665; x_wconf 84' lang='lat' dir='ltr'>visum</span> <span class='ocrx_word' id='word_1_195' title='bbox 1312 1631 1368 1665; x_wconf 83' lang='lat' dir='ltr'>vel</span> <span class='ocrx_word' id='word_1_196' title='bbox 1387 1630 1587 1676; x_wconf 88' lang='lat' dir='ltr'>cognitum,</span> <span class='ocrx_word' id='word_1_197' title='bbox 1607 1630 1699 1666; x_wconf 88' lang='lat' dir='ltr'>sicut</span> 
     </span>
     <span class='ocr_line' id='line_1_25' title="bbox 526 1690 1698 1737; baseline -0.002 -10"><span class='ocrx_word' id='word_1_198' title='bbox 526 1695 562 1727; x_wconf 89' lang='lat' dir='ltr'>et</span> <span class='ocrx_word' id='word_1_199' title='bbox 596 1701 665 1737; x_wconf 89' lang='lat' dir='ltr'>ego</span> <span class='ocrx_word' id='word_1_200' title='bbox 698 1691 806 1737; x_wconf 86' lang='lat' dir='ltr'>diligo</span> <span class='ocrx_word' id='word_1_201' title='bbox 841 1691 994 1726; x_wconf 86' lang='lat' dir='ltr'>Dantem</span> <span class='ocrx_word' id='word_1_202' title='bbox 1028 1694 1228 1725; x_wconf 85' lang='lat' dir='ltr'>mortuum.</span> <span class='ocrx_word' id='word_1_203' title='bbox 1261 1690 1304 1724; x_wconf 89' lang='lat' dir='ltr'>Et</span> <span class='ocrx_word' id='word_1_204' title='bbox 1338 1690 1492 1736; x_wconf 90' lang='lat' dir='ltr'>applicat</span> <span class='ocrx_word' id='word_1_205' title='bbox 1525 1690 1698 1736; x_wconf 81' lang='lat' dir='ltr'>Virgilius</span> 
     </span>
     <span class='ocr_line' id='line_1_26' title="bbox 526 1749 1699 1796; baseline -0.001 -10"><span class='ocrx_word' id='word_1_206' title='bbox 526 1751 630 1786; x_wconf 88' lang='lat' dir='ltr'>istam</span> <span class='ocrx_word' id='word_1_207' title='bbox 658 1751 873 1786; x_wconf 87' lang='lat' dir='ltr'>sententiam</span> <span class='ocrx_word' id='word_1_208' title='bbox 905 1750 950 1785; x_wconf 91' lang='lat' dir='ltr'>ad</span> <span class='ocrx_word' id='word_1_209' title='bbox 983 1750 1221 1796; x_wconf 87' lang='lat' dir='ltr'>propositum,</span> <span class='ocrx_word' id='word_1_210' title='bbox 1249 1753 1284 1785; x_wconf 90' lang='lat' dir='ltr'>et</span> <span class='ocrx_word' id='word_1_211' title='bbox 1314 1749 1398 1785; x_wconf 85' lang='lat' dir='ltr'>dicit</span> <span class='ocrx_word' id='word_1_212' title='bbox 1429 1750 1527 1795; x_wconf 91' lang='lat' dir='ltr'>quod</span> <span class='ocrx_word' id='word_1_213' title='bbox 1561 1750 1699 1786; x_wconf 86' lang='lat' dir='ltr'>amavit</span> 
     </span>
     <span class='ocr_line' id='line_1_27' title="bbox 526 1810 1699 1856; baseline 0 -11"><span class='ocrx_word' id='word_1_214' title='bbox 526 1810 643 1856; x_wconf 91' lang='lat' dir='ltr'>ipsum</span> <span class='ocrx_word' id='word_1_215' title='bbox 672 1810 827 1845; x_wconf 89' lang='lat' dir='ltr'>Statium</span> <span class='ocrx_word' id='word_1_216' title='bbox 850 1810 927 1855; x_wconf 87' lang='lat' dir='ltr'>jam</span> <span class='ocrx_word' id='word_1_217' title='bbox 956 1820 1021 1855; x_wconf 90' lang='lat' dir='ltr'>per</span> <span class='ocrx_word' id='word_1_218' title='bbox 1043 1810 1157 1845; x_wconf 88' lang='lat' dir='ltr'>multa</span> <span class='ocrx_word' id='word_1_219' title='bbox 1177 1810 1322 1855; x_wconf 86' lang='lat' dir='ltr'>saecula,</span> <span class='ocrx_word' id='word_1_220' title='bbox 1342 1810 1510 1855; x_wconf 86' lang='lat' dir='ltr'>quamvis</span> <span class='ocrx_word' id='word_1_221' title='bbox 1537 1820 1609 1845; x_wconf 91' lang='lat' dir='ltr'>non</span> <span class='ocrx_word' id='word_1_222' title='bbox 1636 1819 1699 1845; x_wconf 85' lang='lat' dir='ltr'>co-</span> 
     </span>
     <span class='ocr_line' id='line_1_28' title="bbox 524 1869 1698 1916; baseline 0.001 -12"><span class='ocrx_word' id='word_1_223' title='bbox 524 1870 667 1916; x_wconf 83' lang='lat' dir='ltr'>gnitum</span> <span class='ocrx_word' id='word_1_224' title='bbox 696 1870 761 1905; x_wconf 89' lang='lat' dir='ltr'>sibi</span> <span class='ocrx_word' id='word_1_225' title='bbox 789 1870 854 1905; x_wconf 85' lang='lat' dir='ltr'>nisi</span> <span class='ocrx_word' id='word_1_226' title='bbox 883 1870 1059 1905; x_wconf 87' lang='lat' dir='ltr'>relatione</span> <span class='ocrx_word' id='word_1_227' title='bbox 1085 1870 1245 1905; x_wconf 86' lang='lat' dir='ltr'>alterius.</span> <span class='ocrx_word' id='word_1_228' title='bbox 1275 1869 1365 1904; x_wconf 85' lang='lat' dir='ltr'>Dicit</span> <span class='ocrx_word' id='word_1_229' title='bbox 1390 1879 1499 1916; x_wconf 86' lang='lat' dir='ltr'>ergo:</span> <span class='ocrx_word' id='word_1_230' title='bbox 1520 1871 1610 1905; x_wconf 82' lang='lat' dir='ltr'>onde</span> <span class='ocrx_word' id='word_1_231' title='bbox 1628 1871 1698 1905; x_wconf 75' lang='lat' dir='ltr'>mia</span> 
     </span>
     <span class='ocr_line' id='line_1_29' title="bbox 525 1929 1697 1974; baseline 0 -10"><span class='ocrx_word' id='word_1_232' title='bbox 525 1930 805 1973; x_wconf 73' lang='lat' dir='ltr'>benevoylienza,</span> <span class='ocrx_word' id='word_1_233' title='bbox 834 1932 975 1974; x_wconf 86' lang='lat' dir='ltr'>mutua,</span> <span class='ocrx_word' id='word_1_234' title='bbox 1001 1932 1040 1974; x_wconf 77' lang='lat' dir='ltr'>fu</span> <span class='ocrx_word' id='word_1_235' title='bbox 1062 1931 1094 1964; x_wconf 78' lang='lat' dir='ltr'>in</span> <span class='ocrx_word' id='word_1_236' title='bbox 1119 1940 1217 1963; x_wconf 72' lang='lat' dir='ltr'>verso</span> <span class='ocrx_word' id='word_1_237' title='bbox 1236 1933 1278 1973; x_wconf 80' lang='lat' dir='ltr'>te,</span> <span class='ocrx_word' id='word_1_238' title='bbox 1299 1929 1390 1973; x_wconf 87' lang='lat' dir='ltr'>talis,</span> <span class='ocrx_word' id='word_1_239' title='bbox 1416 1930 1530 1973; x_wconf 76' lang='lat' dir='ltr'>quale,</span> <span class='ocrx_word' id='word_1_240' title='bbox 1552 1929 1697 1974; x_wconf 85' lang='lat' dir='ltr'>scilicet,</span> 
     </span>
     <span class='ocr_line' id='line_1_30' title="bbox 525 1987 1696 2034; baseline 0 -10"><span class='ocrx_word' id='word_1_241' title='bbox 525 1989 788 2034; x_wconf 82' lang='lat' dir='ltr'>benevolentia,</span> <span class='ocrx_word' id='word_1_242' title='bbox 816 1991 853 2024; x_wconf 69' lang='lat' dir='ltr'>cli</span> <span class='ocrx_word' id='word_1_243' title='bbox 874 2000 1028 2034; x_wconf 76' lang='lat' dir='ltr'>persona</span> <span class='ocrx_word' id='word_1_244' title='bbox 1061 2000 1131 2024; x_wconf 73' lang='lat' dir='ltr'>non</span> <span class='ocrx_word' id='word_1_245' title='bbox 1167 1990 1266 2032; x_wconf 74' lang='lat' dir='ltr'>vista,</span> <span class='ocrx_word' id='word_1_246' title='bbox 1306 1999 1377 2024; x_wconf 90' lang='lat' dir='ltr'>non</span> <span class='ocrx_word' id='word_1_247' title='bbox 1411 1987 1506 2032; x_wconf 77' lang='lat' dir='ltr'>visae,</span> <span class='ocrx_word' id='word_1_248' title='bbox 1534 1998 1606 2023; x_wconf 92' lang='lat' dir='ltr'>non</span> <span class='ocrx_word' id='word_1_249' title='bbox 1633 1998 1696 2024; x_wconf 88' lang='lat' dir='ltr'>co—</span> 
     </span>
     <span class='ocr_line' id='line_1_31' title="bbox 525 2046 1697 2094; baseline -0.001 -11"><span class='ocrx_word' id='word_1_250' title='bbox 525 2048 646 2094; x_wconf 77' lang='lat' dir='ltr'>gnitae,</span> <span class='ocrx_word' id='word_1_251' title='bbox 670 2046 731 2092; x_wconf 75' lang='grc' dir='ltr'>μίὰ</span> <span class='ocrx_word' id='word_1_252' title='bbox 757 2051 882 2084; x_wconf 76' lang='lat' dir='ltr'>slrinse</span> <span class='ocrx_word' id='word_1_253' title='bbox 909 2050 992 2093; x_wconf 69' lang='lat' dir='ltr'>mat,</span> <span class='ocrx_word' id='word_1_254' title='bbox 1024 2048 1186 2094; x_wconf 91' lang='lat' dir='ltr'>aliquem</span> <span class='ocrx_word' id='word_1_255' title='bbox 1220 2051 1426 2092; x_wconf 70' lang='lat' dir='ltr'>amantem,</span> <span class='ocrx_word' id='word_1_256' title='bbox 1463 2047 1561 2083; x_wconf 90' lang='lat' dir='ltr'>unde</span> <span class='ocrx_word' id='word_1_257' title='bbox 1593 2047 1697 2083; x_wconf 89' lang='lat' dir='ltr'>dicit:</span> 
     </span>
     <span class='ocr_line' id='line_1_32' title="bbox 523 2105 1697 2153; baseline 0 -10"><span class='ocrx_word' id='word_1_258' title='bbox 523 2105 552 2143; x_wconf 66' lang='lat' dir='ltr'>s}</span> <span class='ocrx_word' id='word_1_259' title='bbox 578 2110 627 2143; x_wconf 79' lang='lat' dir='ltr'>clz’</span> <span class='ocrx_word' id='word_1_260' title='bbox 643 2119 686 2143; x_wconf 81' lang='lat' dir='ltr'>or</span> <span class='ocrx_word' id='word_1_261' title='bbox 713 2111 760 2143; x_wconf 65' lang='lat' dir='ltr'>me*</span> <span class='ocrx_word' id='word_1_262' title='bbox 777 2119 920 2152; x_wconf 71' lang='grc' dir='ltr'>μανι-(ιη</span> <span class='ocrx_word' id='word_1_263' title='bbox 939 2113 1032 2143; x_wconf 80' lang='lat' dir='ltr'>corle</span> <span class='ocrx_word' id='word_1_264' title='bbox 1050 2112 1163 2153; x_wconf 77' lang='lat' dir='ltr'>queste</span> <span class='ocrx_word' id='word_1_265' title='bbox 1180 2110 1284 2152; x_wconf 79' lang='lat' dir='ltr'>scale,</span> <span class='ocrx_word' id='word_1_266' title='bbox 1311 2118 1394 2153; x_wconf 86' lang='lat' dir='ltr'>quae</span> <span class='ocrx_word' id='word_1_267' title='bbox 1413 2110 1550 2143; x_wconf 87' lang='lat' dir='ltr'>restant</span> <span class='ocrx_word' id='word_1_268' title='bbox 1568 2118 1697 2144; x_wconf 89' lang='lat' dir='ltr'>ascen-</span> 
     </span>
     <span class='ocr_line' id='line_1_33' title="bbox 525 2164 1697 2213; baseline -0.001 -9"><span class='ocrx_word' id='word_1_269' title='bbox 525 2164 717 2213; x_wconf 53' lang='lat' dir='ltr'>dendaeffl,</span> <span class='ocrx_word' id='word_1_270' title='bbox 753 2169 800 2204; x_wconf 89' lang='lat' dir='ltr'>ita</span> <span class='ocrx_word' id='word_1_271' title='bbox 833 2169 929 2213; x_wconf 90' lang='lat' dir='ltr'>quod</span> <span class='ocrx_word' id='word_1_272' title='bbox 964 2169 1089 2204; x_wconf 86' lang='lat' dir='ltr'>saliam</span> <span class='ocrx_word' id='word_1_273' title='bbox 1121 2169 1253 2204; x_wconf 91' lang='lat' dir='ltr'>amodo</span> <span class='ocrx_word' id='word_1_274' title='bbox 1285 2168 1362 2203; x_wconf 89' lang='lat' dir='ltr'>sine</span> <span class='ocrx_word' id='word_1_275' title='bbox 1388 2167 1523 2203; x_wconf 87' lang='lat' dir='ltr'>labore.</span> <span class='ocrx_word' id='word_1_276' title='bbox 1557 2168 1599 2203; x_wconf 90' lang='lat' dir='ltr'>Et</span> <span class='ocrx_word' id='word_1_277' title='bbox 1629 2168 1697 2203; x_wconf 88' lang='lat' dir='ltr'>hoc</span> 
     </span>
    </p>
   </div>
   <div class='ocr_carea' id='block_1_3' title="bbox 588 2294 1500 2334">
    <p class='ocr_par' dir='ltr' id='par_1_3' title="bbox 588 2294 1500 2334">
     <span class='ocr_line' id='line_1_34' title="bbox 588 2294 1500 2334; baseline 0.001 -16"><span class='ocrx_word' id='word_1_278' title='bbox 588 2294 615 2324; x_wconf 78' lang='lat'>(¹)</span> <span class='ocrx_word' id='word_1_279' title='bbox 633 2294 662 2318; x_wconf 86' lang='lat' dir='ltr'>E.</span> <span class='ocrx_word' id='word_1_280' title='bbox 680 2294 775 2318; x_wconf 79' lang='lat' dir='ltr'>scilicet</span> <span class='ocrx_word' id='word_1_281' title='bbox 794 2294 938 2324; x_wconf 74' lang='lat' dir='ltr'>Virgilium.</span> <span class='ocrx_word' id='word_1_282' title='bbox 1023 2330 1030 2334; x_wconf 49' lang='grc'>-</span> <span class='ocrx_word' id='word_1_283' title='bbox 1197 2294 1223 2323; x_wconf 71' lang='lat'>(²)</span> <span class='ocrx_word' id='word_1_284' title='bbox 1243 2295 1271 2319; x_wconf 90' lang='lat' dir='ltr'>E.</span> <span class='ocrx_word' id='word_1_285' title='bbox 1290 2296 1314 2319; x_wconf 81' lang='lat' dir='ltr'>in</span> <span class='ocrx_word' id='word_1_286' title='bbox 1333 2295 1500 2319; x_wconf 79' lang='lat' dir='ltr'>ascendendo.</span> 
     </span>
    </p>
   </div>
  </div>
 </body>
</html>
