1766 2856
510 226 580 257 274
872 228 1075 254 COMENTUM
1101 228 1319 254 PURGATORH

509 303 668 349 parentis
695 306 774 348 post
801 306 903 348 terga
931 311 1008 335 sua.
1036 300 1112 335 Hoc
1145 303 1269 335 autem
1304 310 1517 346 responsum
1550 301 1684 336 obscu-

510 374 592 398 rum
623 363 819 398 Deucalion
848 362 1108 408 interpretatus
1142 364 1195 397 est
1227 361 1271 396 de
1306 360 1481 406 lapidibus
1509 362 1570 407 qui
1599 366 1684 397 sunt

509 434 589 459 ossa
619 427 726 458 terrae
755 427 821 458 etc.
851 422 943 458 sicut
970 422 1091 458 scribit
1118 421 1266 457 Ovidius
1292 421 1410 466 primo
1437 422 1481 457 de
1508 423 1685 458 transser-

511 484 626 519 matis.
662 484 797 529 Sphinx
815 479 863 528 (⁴),
895 483 988 518 sicut
1015 482 1137 517 scribit
1165 482 1298 517 Statius
1327 482 1446 528 primo
1472 483 1685 529 Thebaidos,

510 544 574 578 fuit
602 545 787 589 quoddam
815 543 975 579 terribile
1004 545 1221 587 monstrum,
1242 542 1341 587 idest,
1364 545 1402 576 ut
1423 542 1525 577 multi
1549 542 1684 588 dicunt,

510 605 659 650 quidam
689 608 942 640 monstruosus
970 603 1061 638 latro
1094 603 1128 637 in
1164 606 1288 638 monte
1318 602 1414 648 apud
1441 603 1592 648 Thebas,
1621 603 1685 648 qui

510 665 658 700 cuilibet
687 664 887 700 transeunti
915 663 1139 709 proponebat
1166 673 1281 697 unum
1308 663 1496 708 problema
1515 673 1599 698 cum
1623 663 1684 698 tali

511 725 592 771 lege
619 728 654 760 et
681 724 933 768 conventione,
954 723 1050 768 quod
1074 723 1100 757 si
1129 722 1187 757 ille
1214 722 1371 757 solveret
1398 723 1586 768 problema
1621 733 1685 759 oc-

511 785 648 820 cideret
674 785 812 830 ipsum,
841 785 868 819 si
896 794 985 819 vero
1012 783 1155 818 solvere
1174 792 1245 817 non
1270 785 1389 828 posset
1417 782 1686 819 interficeretur

511 844 558 880 ab
585 845 670 890 ipso.
700 845 893 879 Problema
920 847 1046 878 autem
1080 846 1159 877 erat
1191 842 1279 877 tale:
1314 842 1376 877 Dic
1409 842 1494 877 mihi
1529 843 1616 888 quid
1643 843 1686 878 sit

511 904 645 939 animal
660 899 695 948 (²)
733 904 829 949 quod
862 904 979 949 priino
1012 902 1143 938 incedit
1175 906 1335 948 quatuor
1368 902 1531 948 pedibus,
1558 903 1687 939 deinde

510 963 666 1009 duobus,
701 968 824 1009 postea
860 964 974 998 tribus
1010 967 1046 998 et
1081 963 1209 998 ultimo
1237 965 1426 1008 quatuor?
1457 964 1546 1005 Quae
1575 963 1687 999 verba

510 1023 669 1069 OEdipus
688 1024 947 1069 interpretatus
967 1027 1019 1058 est
1038 1023 1083 1058 de
1102 1022 1272 1058 homine:
1300 1025 1334 1058 et
1354 1023 1497 1058 solvens
1517 1024 1689 1068 quaestio-

513 1094 596 1119 nem
625 1083 804 1119 interfecit
832 1087 1051 1118 monstrum.
1072 1082 1175 1117 Modo
1203 1082 1248 1117 ad
1277 1082 1514 1128 propositum,
1538 1083 1615 1118 vult
1635 1083 1689 1118 di-

512 1155 597 1180 cere
625 1144 781 1190 Beatrix,
810 1144 903 1179 sorte
929 1144 1065 1179 dictum
1098 1153 1223 1178 meum
1259 1153 1330 1178 non
1365 1146 1489 1178 movet
1521 1143 1686 1178 animum

514 1208 619 1240 tuum
644 1205 689 1240 ad
717 1205 943 1251 prophetiam
969 1214 1101 1247 meam,
1123 1203 1207 1248 quia
1228 1214 1298 1238 non
1319 1206 1372 1238 est
1391 1203 1630 1249 intelligibile,
1651 1206 1688 1238 et

514 1269 636 1301 tamen
663 1265 729 1300 fuit
757 1265 980 1300 intellectum
1009 1267 1045 1299 et
1073 1263 1299 1299 verificatum
1329 1273 1393 1308 per
1420 1266 1594 1298 eventum
1622 1263 1687 1298 rei.

512 1327 595 1362 Ideo
623 1326 724 1362 dicit:
751 1323 888 1370 perche)
917 1325 990 1370 ipsa
1018 1324 1179 1359 narratio
1207 1334 1289 1359 mea
1311 1325 1433 1368 (ιίίιιὶα,
1455 1323 1557 1369 idest,
1579 1323 1689 1359 obtu-

514 1390 568 1422 rat
595 1389 631 1422 et
657 1387 840 1430 obscurat,
870 1386 1076 1428 l’inlellelto,
1109 1384 1253 1429 scilieet,
1289 1387 1407 1429 tuum,
1439 1394 1462 1418 α
1489 1385 1544 1418 lor
1571 1384 1689 1427 modo,

513 1447 657 1492 scilicet,
686 1446 866 1482 Themidis
894 1449 930 1481 et
957 1445 1132 1491 Sphingis.
1158 1445 1199 1479 Et
1222 1444 1277 1479 hic
1305 1447 1389 1479 nota
1417 1444 1514 1489 quod
1541 1454 1690 1490 compa—

514 1507 606 1542 ratio
634 1510 686 1542 est
719 1506 984 1552 propriissima:
1020 1505 1112 1540 sicut
1149 1505 1245 1540 enim
1280 1505 1475 1539 oraculum
1509 1503 1690 1540 Themidis

514 1570 592 1603 erat
615 1567 650 1601 in
678 1577 717 1602 se
743 1567 957 1610 obscurum,
986 1569 1019 1600 et
1048 1568 1170 1600 tamen
1199 1564 1397 1599 Deucalion
1424 1564 1542 1610 ipsum
1569 1564 1692 1600 decla-

516 1627 609 1662 ravit
637 1630 672 1662 et
700 1626 882 1671 reparavit
901 1635 1018 1671 genus
1038 1625 1262 1668 humanum,
1282 1623 1329 1658 ita
1351 1634 1446 1658 nunc
1472 1634 1687 1669 responsum

515 1687 687 1722 Beatricis
715 1690 793 1721 erat
820 1686 1020 1721 obscurum
1049 1684 1082 1719 in
1111 1694 1160 1729 se,
1189 1683 1250 1719 sed
1281 1683 1446 1729 princeps
1480 1683 1626 1719 futurus
1654 1684 1689 1718 in

514 1746 616 1781 brevi
636 1746 834 1781 declarabit
854 1746 970 1791 ipsum
996 1744 1228 1780 reformando
1249 1743 1443 1778 mundum:
1464 1744 1557 1779 sicut
1577 1744 1689 1780 etiam

515 1806 703 1852 problema
731 1805 896 1852 Sphingis
924 1808 1003 1840 erat
1028 1805 1193 1848 dubium,
1223 1808 1258 1839 et
1286 1808 1408 1839 tamen
1435 1804 1594 1850 OEdipus
1626 1804 1691 1840 de—

515 1866 666 1901 claravit
685 1866 771 1901 illud
792 1870 826 1902 et
850 1865 1027 1901 interfecit
1048 1868 1270 1909 monstrum,
1290 1864 1337 1899 ita
1360 1864 1496 1899 dictum
1517 1864 1690 1900 Beatricis

516 1936 613 1961 nunc
640 1929 719 1961 erat
745 1926 911 1970 dubium,
931 1929 966 1960 et
990 1929 1111 1960 tamen
1139 1924 1304 1970 princeps
1324 1924 1470 1959 futurus
1490 1924 1607 1970 ipsum
1626 1924 1691 1960 de-

515 1986 666 2022 clarabit
693 1986 913 2022 destruendo
942 1988 1160 2029 monstrum,
1183 1984 1329 2029 scilicet,
1350 1985 1467 2030 capita
1490 1988 1525 2020 et
1549 1995 1688 2020 cornua

515 2057 659 2092 currus,
688 2057 771 2092 quae
801 2046 1006 2092 extirpabit,
1035 2048 1070 2081 et
1097 2045 1236 2080 sanabit
1270 2045 1461 2082 ecclesiam
1489 2045 1689 2081 auferendo

515 2106 579 2140 sibi
609 2106 761 2151 plumas
786 2107 869 2142 Ideo
889 2107 982 2141 bene
1005 2105 1145 2141 subdit:
1166 2116 1223 2139 ma
1243 2108 1328 2139 tosto
1344 2106 1413 2149 fien
1436 2106 1465 2139 le
1480 2107 1570 2150 saca,
1590 2105 1691 2151 idest,

516 2167 818 2211 constellationes,
842 2178 859 2201 e
885 2169 914 2201 le
934 2168 1082 2209 Ναῖαιίθ,
1106 2165 1207 2210 idest,
1230 2165 1323 2201 (licta
1346 2165 1521 2210 dearum,
1542 2165 1693 2202 'Naiades

581 2299 606 2329 (¹)
625 2300 676 2325 117,
694 2298 789 2327 Sphinx
806 2301 900 2326 autem,
920 2299 992 2321 sient.
1140 2296 1165 2325 Ἥ
1186 2299 1237 2323 117.
1256 2296 1349 2320 animal
1367 2296 1430 2319 illud
1448 2296 1517 2326 quod
1537 2296 1628 2326 primo.
