1766 2856
485 248 553 279 440
878 247 1083 274 COMENTUM
1109 247 1277 272 PARAD181

479 330 518 373 fu
544 328 581 362 di
607 328 656 361 [al
683 326 773 369 volo,
805 323 890 369 quia
917 321 1040 366 aquila
1068 320 1151 356 fecit
1175 324 1262 356 tuuc
1282 331 1458 367 magnum
1481 321 1664 366 volatum;

484 398 570 423 nam
600 386 659 421 ubi
691 385 811 420 Caesar
838 384 1049 429 portaverat
1081 381 1200 427 primo
1232 381 1395 426 aquilam
1427 381 1463 416 iu
1495 381 1666 417 occiden-

485 452 569 492 tem,
598 456 695 481 nunc
723 443 870 480 retorsit
896 443 1011 489 ipsam
1039 442 1075 476 in
1102 441 1296 486 orlentem,
1316 444 1357 476 ut
1379 441 1429 476 ait
1447 441 1588 487 Florus,
1607 442 1666 477 che

482 509 542 542 nol
564 507 752 551 sefflcileria
779 507 899 549 lingua
926 501 970 538 ne*
989 512 1123 548 penna,
1152 502 1255 548 quasi
1283 502 1398 538 dicat:
1427 501 1553 548 lingua
1584 501 1665 537 sati—

483 571 635 615 garetur
668 567 703 601 in
740 564 935 609 narrando,
973 567 1008 599 et
1044 573 1164 609 penna
1199 563 1234 597 in
1271 562 1530 607 describendo,
1568 561 1665 598 unde

482 630 573 665 alter
600 627 794 663 Svetonius
822 626 904 662 fecit
932 625 1016 660 satis
1045 634 1223 670 magnum
1253 623 1387 658 librum
1416 623 1461 659 de
1492 623 1559 658 ista
1587 633 1666 658 ma-

483 689 583 726 teria.
613 689 655 723 Et
690 687 811 723 subdit
846 687 959 721 breve
991 685 1128 720 bellum
1162 684 1300 720 sactum
1333 683 1368 718 in
1400 683 1580 729 Hispania.
1612 682 1664 718 Ad

483 749 581 796 quod
601 752 653 785 est
673 747 874 792 sciendum,
903 745 1001 791 quod
1021 745 1143 780 Caesar
1161 744 1340 791 dispositis
1363 744 1474 780 rebus
1496 744 1532 779 in
1551 743 1665 788 Italia,

482 810 607 857 fugato
635 808 808 854 Pompeio
836 807 951 843 uoluit
987 805 1159 852 persequi
1196 805 1327 851 ipsum,
1362 815 1408 841 ne
1440 805 1666 850 relinqueret

481 871 546 906 sibi
572 881 593 905 a
622 873 725 916 tergo
752 868 891 904 bellum
919 867 1160 912 formidabile,
1189 876 1274 902 cum
1304 865 1504 901 incredibili
1536 864 1666 901 celeri-

483 933 555 966 tate
583 929 748 965 transivit
775 929 811 963 in
845 927 1067 974 Hispaniam,
1096 938 1209 972 quam
1240 926 1413 962 tenebant
1448 929 1522 961 tres
1558 925 1666 972 legati

481 989 653 1036 Pompeii,
682 989 848 1024 Petreius
875 992 911 1024 et
939 988 1109 1023 Afranius
1138 990 1246 1023 erant
1274 987 1309 1022 iu
1336 986 1518 1031 citeriore,
1546 986 1666 1021 Varus

482 1052 516 1087 in
544 1050 739 1086 ulteriore:
761 1050 808 1085 ibi
831 1060 958 1095 passus
980 1059 1156 1094 magnum
1185 1047 1364 1083 diluvium
1392 1057 1576 1093 aquarum
1597 1047 1666 1082 Pe—

482 1112 614 1147 treium
650 1115 686 1146 et
723 1110 913 1145 Afranium
950 1109 1077 1145 clausit
1111 1109 1205 1143 iutra
1244 1112 1407 1143 montem
1445 1107 1542 1153 apud
1577 1107 1666 1142 ller-

481 1172 564 1208 dam
594 1171 778 1207 civitatem
805 1169 1019 1216 Aragouiae,
1048 1173 1083 1205 et
1115 1179 1199 1204 cum
1230 1172 1378 1214 propter
1409 1168 1502 1202 sitim
1532 1167 1665 1203 deditio

484 1236 717 1278 tractaretur,
745 1235 781 1267 et
808 1231 939 1266 milites
968 1230 1050 1266 hinc
1078 1230 1160 1265 iude
1192 1229 1346 1265 fidenter
1375 1232 1410 1265 et
1438 1229 1665 1265 familiariter

484 1294 518 1329 in
552 1297 671 1329 castra
712 1293 816 1337 irent,
850 1291 1015 1327 Petreius
1055 1294 1091 1326 et
1126 1290 1296 1326 Afranius
1332 1289 1470 1336 perside
1509 1293 1545 1326 et
1585 1300 1665 1325 ma-

484 1355 579 1401 ligne
606 1353 830 1390 Caesarianos
862 1353 1027 1387 incautos
1059 1354 1095 1387 et
1130 1351 1290 1387 inermes
1322 1350 1602 1386 trucidaverunt
1630 1349 1665 1384 in

484 1416 558 1451 suis
580 1415 723 1460 castris,
748 1424 815 1449 nec
843 1417 967 1448 tamen
994 1412 1116 1448 Caesar
1143 1411 1450 1447 clementissimus
1477 1411 1592 1447 voluit
1617 1410 1665 1445 si-

485 1476 569 1512 mile
596 1475 673 1511 fieri
702 1475 738 1510 in
765 1473 839 1509 suis
867 1473 1006 1518 castris,
1036 1473 1110 1508 imo
1133 1476 1259 1519 postea
1286 1472 1352 1507 illis
1380 1471 1666 1518 supplicantibus

484 1546 611 1582 pacem
639 1535 736 1571 dedit
764 1538 799 1570 et
828 1534 973 1570 veniam
1002 1544 1086 1569 cum
1117 1533 1164 1568 illi
1188 1534 1267 1579 Jam
1299 1544 1364 1579 per
1392 1536 1554 1578 quatuor
1589 1532 1666 1568 dies

477 1596 618 1642 jeiuuio
656 1595 776 1631 affecti
813 1598 943 1630 essent.
981 1595 1071 1630 Dicit
1107 1604 1220 1640 ergo:
1251 1592 1348 1628 incer
1376 1595 1411 1628 Ia
1439 1596 1584 1639 Spayna
1614 1594 1666 1628 ri.-

486 1658 575 1692 volse
610 1658 643 1691 lo
673 1657 797 1700 sleeolo,
836 1655 937 1699 idest,
976 1655 1062 1690 illud
1098 1655 1243 1701 siguum
1281 1654 1427 1690 reduxit
1459 1654 1664 1690 exercitum

484 1717 519 1752 in
554 1716 775 1762 Hispaniam,
810 1726 921 1761 quam
957 1719 1071 1750 totam
1109 1714 1320 1761 subiugavit
1356 1715 1471 1761 spatio
1503 1714 1665 1760 quadra-

482 1777 581 1824 ginta
608 1777 768 1812 dierum:
798 1776 878 1811 ideo
904 1776 998 1811 hene
1025 1786 1111 1812 cum
1140 1775 1207 1811 iret
1236 1775 1271 1810 in
1299 1775 1506 1822 Hispaniam
1536 1775 1667 1822 praedi-

484 1841 589 1874 xerat
615 1848 654 1873 se
682 1837 735 1872 ire
761 1836 806 1872 ad
834 1835 1040 1871 exercitum
1077 1836 1154 1871 sine
1186 1835 1293 1881 duce,
1321 1840 1356 1871 et
1386 1836 1593 1871 rediturum
1620 1836 1666 1872 ad

484 1897 617 1933 ducem
646 1897 722 1932 sine
749 1896 1064 1932 exercitu—Pol
1084 1894 1142 1931 reb·
1165 1899 1347 1931 Damno.
1368 1897 1472 1932 Nunc
1494 1896 1666 1932 Justinia-

485 1969 553 1994 nus
574 1957 687 2004 tangit
714 1957 807 1993 bella
828 1956 979 1992 Caesaris
1002 1961 1129 1992 contra
1151 1957 1366 2003 Pompeium
1388 1957 1421 1992 in
1442 1956 1600 1993 Graecia:
1620 1957 1665 1993 ad

483 2028 644 2064 quorum
673 2017 920 2063 cognitionem
952 2021 1005 2053 est
1039 2017 1231 2053 sciendum
1266 2017 1365 2062 quod
1396 2018 1518 2053 Caesar
1550 2017 1665 2053 victor

483 2079 661 2125 Hispaniae
690 2088 861 2114 reversus
889 2078 924 2113 in
951 2078 1091 2114 ltaliam
1120 2089 1255 2125 magno
1282 2078 1415 2114 ardore
1432 2074 1466 2122 (¹)
1488 2088 1574 2113 cum
1602 2077 1666 2113 de-

483 2139 614 2175 siderio
642 2139 798 2175 bellandi
826 2149 890 2185 per
920 2139 1056 2185 medias
1085 2142 1320 2185 tempestates
1347 2143 1384 2174 et
1410 2149 1524 2184 parva
1551 2139 1665 2174 classe

482 2210 503 2234 a
530 2199 737 2234 Brundusio
765 2199 930 2234 transivit
958 2199 993 2234 in
1020 2199 1200 2235 Graeciam
1220 2199 1310 2235 etin
1330 2199 1438 2245 Epiro
1466 2199 1585 2245 posuit
1604 2209 1665 2235 ca-

547 2329 571 2358 [¹)
590 2328 619 2352 E.
634 2328 726 2352 ardore
743 2332 769 2352 et
787 2329 921 2353 desiderio.
