<?xml version="1.0" encoding="UTF-8"?>
<!DOCTYPE html PUBLIC "-//W3C//DTD XHTML 1.0 Transitional//EN"
    "http://www.w3.org/TR/xhtml1/DTD/xhtml1-transitional.dtd">
<html xmlns="http://www.w3.org/1999/xhtml" xml:lang="en" lang="en">
 <head>
  <title>
</title>
<meta http-equiv="Content-Type" content="text/html;charset=utf-8" />
  <meta name='ocr-system' content='tesseract 3.04.00' />
  <meta name='ocr-capabilities' content='ocr_page ocr_carea ocr_par ocr_line ocrx_word'/>
</head>
<body>
  <div class='ocr_page' id='page_1' title='image "./comentumsuperdan04benvuoft_0038.png"; bbox 0 0 1766 2856; ppageno 0'>
   <div class='ocr_carea' id='block_1_1' title="bbox 513 232 1318 263">
    <p class='ocr_par' dir='ltr' id='par_1_1' title="bbox 513 232 1318 263">
     <span class='ocr_line' id='line_1_1' title="bbox 513 232 1318 263; baseline -0.006 0"><span class='ocrx_word' id='word_1_1' title='bbox 513 232 558 263; x_wconf 79' lang='lat'>26</span> <span class='ocrx_word' id='word_1_2' title='bbox 872 236 1074 262; x_wconf 68' lang='lat' dir='ltr'>COMENTLTM</span> <span class='ocrx_word' id='word_1_3' title='bbox 1101 234 1318 261; x_wconf 79' lang='lat' dir='ltr'><strong>PURGATORH</strong></span> 
     </span>
    </p>
   </div>
   <div class='ocr_carea' id='block_1_2' title="bbox 507 307 1686 2206">
    <p class='ocr_par' dir='ltr' id='par_1_2' title="bbox 507 307 1686 2206">
     <span class='ocr_line' id='line_1_2' title="bbox 510 307 1682 357; baseline -0.004 -10"><span class='ocrx_word' id='word_1_4' title='bbox 510 312 572 357; x_wconf 91' lang='lat' dir='ltr'>qui</span> <span class='ocrx_word' id='word_1_5' title='bbox 599 311 707 346; x_wconf 90' lang='lat' dir='ltr'>debet</span> <span class='ocrx_word' id='word_1_6' title='bbox 725 310 796 356; x_wconf 89' lang='lat' dir='ltr'>pati</span> <span class='ocrx_word' id='word_1_7' title='bbox 818 309 866 344; x_wconf 92' lang='lat' dir='ltr'>ab</span> <span class='ocrx_word' id='word_1_8' title='bbox 884 309 1003 344; x_wconf 87' lang='lat' dir='ltr'>amico</span> <span class='ocrx_word' id='word_1_9' title='bbox 1023 308 1168 353; x_wconf 88' lang='lat' dir='ltr'>quando</span> <span class='ocrx_word' id='word_1_10' title='bbox 1187 307 1357 354; x_wconf 81' lang='lat' dir='ltr'>arguitur</span> <span class='ocrx_word' id='word_1_11' title='bbox 1374 307 1420 342; x_wconf 92' lang='lat' dir='ltr'>de</span> <span class='ocrx_word' id='word_1_12' title='bbox 1441 307 1563 353; x_wconf 90' lang='lat' dir='ltr'>aliquo</span> <span class='ocrx_word' id='word_1_13' title='bbox 1585 307 1682 343; x_wconf 83' lang='lat' dir='ltr'>vitio.</span> 
     </span>
     <span class='ocr_line' id='line_1_3' title="bbox 510 367 1682 414; baseline -0.003 -8"><span class='ocrx_word' id='word_1_14' title='bbox 510 372 553 406; x_wconf 88' lang='lat' dir='ltr'>Et</span> <span class='ocrx_word' id='word_1_15' title='bbox 580 370 700 406; x_wconf 84' lang='lat' dir='ltr'>subdit</span> <span class='ocrx_word' id='word_1_16' title='bbox 726 368 912 414; x_wconf 89' lang='lat' dir='ltr'>quomodo</span> <span class='ocrx_word' id='word_1_17' title='bbox 939 368 1073 404; x_wconf 81' lang='lat' dir='ltr'><strong>Statius</strong></span> <span class='ocrx_word' id='word_1_18' title='bbox 1107 378 1146 403; x_wconf 91' lang='lat' dir='ltr'>se</span> <span class='ocrx_word' id='word_1_19' title='bbox 1177 367 1345 402; x_wconf 78' lang='lat' dir='ltr'>habuerit</span> <span class='ocrx_word' id='word_1_20' title='bbox 1378 370 1461 402; x_wconf 84' lang='lat' dir='ltr'>actu</span> <span class='ocrx_word' id='word_1_21' title='bbox 1495 370 1531 403; x_wconf 87' lang='lat' dir='ltr'>et</span> <span class='ocrx_word' id='word_1_22' title='bbox 1557 367 1682 411; x_wconf 85' lang='lat' dir='ltr'>verbo,</span> 
     </span>
     <span class='ocr_line' id='line_1_4' title="bbox 508 428 1684 475; baseline -0.003 -10"><span class='ocrx_word' id='word_1_23' title='bbox 508 430 654 466; x_wconf 84' lang='lat' dir='ltr'>dicens:</span> <span class='ocrx_word' id='word_1_24' title='bbox 685 432 796 475; x_wconf 76' lang='lat' dir='ltr'>queste</span> <span class='ocrx_word' id='word_1_25' title='bbox 817 429 945 473; x_wconf 78' lang='lat' dir='ltr'>parole</span> <span class='ocrx_word' id='word_1_26' title='bbox 967 430 1073 472; x_wconf 76' lang='lat' dir='ltr'>senno</span> <span class='ocrx_word' id='word_1_27' title='bbox 1101 438 1219 462; x_wconf 71' lang='lat' dir='ltr'>movet·</span> <span class='ocrx_word' id='word_1_28' title='bbox 1240 428 1359 462; x_wconf 71' lang='lat' dir='ltr'>Stazio</span> <span class='ocrx_word' id='word_1_29' title='bbox 1384 437 1430 461; x_wconf 79' lang='lat' dir='ltr'>un</span> <span class='ocrx_word' id='word_1_30' title='bbox 1449 437 1540 471; x_wconf 83' lang='lat' dir='ltr'>poco</span> <span class='ocrx_word' id='word_1_31' title='bbox 1566 437 1589 461; x_wconf 90' lang='grc' dir='ltr'><em>α</em></span> <span class='ocrx_word' id='word_1_32' title='bbox 1609 428 1684 461; x_wconf 79' lang='lat' dir='ltr'>riso</span> 
     </span>
     <span class='ocr_line' id='line_1_5' title="bbox 507 486 1684 534; baseline -0.003 -10"><span class='ocrx_word' id='word_1_33' title='bbox 507 492 613 534; x_wconf 75' lang='lat' dir='ltr'>pria,-</span> <span class='ocrx_word' id='word_1_34' title='bbox 649 488 783 524; x_wconf 78' lang='lat' dir='ltr'>Statius</span> <span class='ocrx_word' id='word_1_35' title='bbox 816 487 913 523; x_wconf 91' lang='lat' dir='ltr'>enim</span> <span class='ocrx_word' id='word_1_36' title='bbox 948 497 1045 523; x_wconf 84' lang='lat' dir='ltr'>nunc</span> <span class='ocrx_word' id='word_1_37' title='bbox 1076 487 1150 522; x_wconf 87' lang='lat' dir='ltr'>risit</span> <span class='ocrx_word' id='word_1_38' title='bbox 1177 487 1222 522; x_wconf 92' lang='lat' dir='ltr'>de</span> <span class='ocrx_word' id='word_1_39' title='bbox 1255 496 1383 522; x_wconf 90' lang='lat' dir='ltr'>errore</span> <span class='ocrx_word' id='word_1_40' title='bbox 1410 486 1557 532; x_wconf 82' lang='lat' dir='ltr'>Virgilii,</span> <span class='ocrx_word' id='word_1_41' title='bbox 1592 486 1684 522; x_wconf 86' lang='lat' dir='ltr'>sicut</span> 
     </span>
     <span class='ocr_line' id='line_1_6' title="bbox 510 546 1684 593; baseline -0.003 -10"><span class='ocrx_word' id='word_1_42' title='bbox 510 549 644 583; x_wconf 86' lang='lat' dir='ltr'>Dantes</span> <span class='ocrx_word' id='word_1_43' title='bbox 672 547 747 582; x_wconf 89' lang='lat' dir='ltr'>risit</span> <span class='ocrx_word' id='word_1_44' title='bbox 773 558 883 593; x_wconf 89' lang='lat' dir='ltr'>supra</span> <span class='ocrx_word' id='word_1_45' title='bbox 911 547 956 582; x_wconf 90' lang='lat' dir='ltr'>de</span> <span class='ocrx_word' id='word_1_46' title='bbox 983 557 1110 582; x_wconf 90' lang='lat' dir='ltr'>errore</span> <span class='ocrx_word' id='word_1_47' title='bbox 1137 546 1249 591; x_wconf 88' lang='lat' dir='ltr'>Statii,</span> <span class='ocrx_word' id='word_1_48' title='bbox 1285 557 1301 580; x_wconf 83' lang='lat' dir='ltr'>e</span> <span class='ocrx_word' id='word_1_49' title='bbox 1329 548 1392 590; x_wconf 74' lang='lat' dir='ltr'>poi</span> <span class='ocrx_word' id='word_1_50' title='bbox 1417 547 1574 590; x_wconf 74' lang='lat' dir='ltr'>rz‘spose:</span> <span class='ocrx_word' id='word_1_51' title='bbox 1601 547 1684 589; x_wconf 74' lang='lat' dir='ltr'>oyni</span> 
     </span>
     <span class='ocr_line' id='line_1_7' title="bbox 510 605 1682 650; baseline -0.002 -8"><span class='ocrx_word' id='word_1_52' title='bbox 510 612 567 643; x_wconf 74' lang='lat' dir='ltr'>tuo</span> <span class='ocrx_word' id='word_1_53' title='bbox 594 609 651 642; x_wconf 74' lang='lat' dir='ltr'>dir</span> <span class='ocrx_word' id='word_1_54' title='bbox 678 605 755 642; x_wconf 71' lang='lat' dir='ltr'>m’e¹</span> <span class='ocrx_word' id='word_1_55' title='bbox 783 617 869 641; x_wconf 79' lang='lat' dir='ltr'>caro</span> <span class='ocrx_word' id='word_1_56' title='bbox 896 617 1004 641; x_wconf 82' lang='lat' dir='ltr'>cenno</span> <span class='ocrx_word' id='word_1_57' title='bbox 1039 608 1203 649; x_wconf 57' lang='lat' dir='ltr'>(tamor,</span> <span class='ocrx_word' id='word_1_58' title='bbox 1235 606 1337 650; x_wconf 83' lang='lat' dir='ltr'>quasi</span> <span class='ocrx_word' id='word_1_59' title='bbox 1370 606 1476 650; x_wconf 85' lang='lat' dir='ltr'>dicat,</span> <span class='ocrx_word' id='word_1_60' title='bbox 1510 605 1682 650; x_wconf 86' lang='lat' dir='ltr'>quicquid</span> 
     </span>
     <span class='ocr_line' id='line_1_8' title="bbox 510 665 1684 712; baseline -0.002 -10"><span class='ocrx_word' id='word_1_61' title='bbox 510 667 608 703; x_wconf 85' lang='lat' dir='ltr'>dicas</span> <span class='ocrx_word' id='word_1_62' title='bbox 635 670 760 702; x_wconf 87' lang='lat' dir='ltr'>contra</span> <span class='ocrx_word' id='word_1_63' title='bbox 789 676 848 702; x_wconf 92' lang='lat' dir='ltr'>me</span> <span class='ocrx_word' id='word_1_64' title='bbox 875 666 992 702; x_wconf 89' lang='lat' dir='ltr'>habeo</span> <span class='ocrx_word' id='word_1_65' title='bbox 1019 677 1084 712; x_wconf 93' lang='lat' dir='ltr'>pro</span> <span class='ocrx_word' id='word_1_66' title='bbox 1111 666 1214 712; x_wconf 88' lang='lat' dir='ltr'>signo</span> <span class='ocrx_word' id='word_1_67' title='bbox 1238 676 1324 701; x_wconf 86' lang='lat' dir='ltr'>caro</span> <span class='ocrx_word' id='word_1_68' title='bbox 1343 666 1420 701; x_wconf 93' lang='lat' dir='ltr'>veri</span> <span class='ocrx_word' id='word_1_69' title='bbox 1442 665 1588 701; x_wconf 89' lang='lat' dir='ltr'>amoris.</span> <span class='ocrx_word' id='word_1_70' title='bbox 1609 665 1684 700; x_wconf 89' lang='lat' dir='ltr'>Hoc</span> 
     </span>
     <span class='ocr_line' id='line_1_9' title="bbox 511 724 1685 772; baseline -0.003 -10"><span class='ocrx_word' id='word_1_71' title='bbox 511 727 595 763; x_wconf 86' lang='lat' dir='ltr'>dicit</span> <span class='ocrx_word' id='word_1_72' title='bbox 621 726 767 771; x_wconf 76' lang='lat' dir='ltr'>Statius,</span> <span class='ocrx_word' id='word_1_73' title='bbox 797 726 881 771; x_wconf 89' lang='lat' dir='ltr'>quia</span> <span class='ocrx_word' id='word_1_74' title='bbox 909 726 1078 772; x_wconf 82' lang='lat' dir='ltr'>Virgilius</span> <span class='ocrx_word' id='word_1_75' title='bbox 1109 725 1287 771; x_wconf 77' lang='lat' dir='ltr'>petiverat</span> <span class='ocrx_word' id='word_1_76' title='bbox 1320 726 1465 761; x_wconf 78' lang='lat' dir='ltr'>veniam</span> <span class='ocrx_word' id='word_1_77' title='bbox 1497 725 1543 761; x_wconf 88' lang='lat' dir='ltr'>de</span> <span class='ocrx_word' id='word_1_78' title='bbox 1573 724 1685 760; x_wconf 89' lang='lat' dir='ltr'>nimia</span> 
     </span>
     <span class='ocr_line' id='line_1_10' title="bbox 512 782 1682 831; baseline -0.002 -9"><span class='ocrx_word' id='word_1_79' title='bbox 512 787 707 822; x_wconf 84' lang='lat' dir='ltr'>securitate</span> <span class='ocrx_word' id='word_1_80' title='bbox 734 786 884 821; x_wconf 86' lang='lat' dir='ltr'>dicendi.</span> <span class='ocrx_word' id='word_1_81' title='bbox 904 806 952 811; x_wconf 93' lang='lat'><strong>—</strong></span> <span class='ocrx_word' id='word_1_82' title='bbox 982 789 1190 820; x_wconf 74' lang='lat' dir='ltr'>Veramente.</span> <span class='ocrx_word' id='word_1_83' title='bbox 1223 786 1287 821; x_wconf 90' lang='lat' dir='ltr'>Hic</span> <span class='ocrx_word' id='word_1_84' title='bbox 1321 785 1455 821; x_wconf 85' lang='lat' dir='ltr'>Statius</span> <span class='ocrx_word' id='word_1_85' title='bbox 1487 785 1631 831; x_wconf 89' lang='lat' dir='ltr'>proprie</span> <span class='ocrx_word' id='word_1_86' title='bbox 1646 782 1682 829; x_wconf 71' lang='lat'>(¹)</span> 
     </span>
     <span class='ocr_line' id='line_1_11' title="bbox 512 845 1686 892; baseline -0.002 -11"><span class='ocrx_word' id='word_1_87' title='bbox 512 846 596 881; x_wconf 87' lang='lat' dir='ltr'>facit</span> <span class='ocrx_word' id='word_1_88' title='bbox 615 846 818 881; x_wconf 87' lang='lat' dir='ltr'>orationem</span> <span class='ocrx_word' id='word_1_89' title='bbox 837 856 942 880; x_wconf 88' lang='lat' dir='ltr'>suam</span> <span class='ocrx_word' id='word_1_90' title='bbox 955 857 963 890; x_wconf 76' lang='lat'>3</span> <span class='ocrx_word' id='word_1_91' title='bbox 978 849 1014 880; x_wconf 90' lang='lat' dir='ltr'>et</span> <span class='ocrx_word' id='word_1_92' title='bbox 1027 846 1072 880; x_wconf 88' lang='lat' dir='ltr'>ad</span> <span class='ocrx_word' id='word_1_93' title='bbox 1088 845 1391 892; x_wconf 85' lang='lat' dir='ltr'>magnificandam</span> <span class='ocrx_word' id='word_1_94' title='bbox 1411 845 1514 880; x_wconf 87' lang='lat' dir='ltr'>istam</span> <span class='ocrx_word' id='word_1_95' title='bbox 1536 855 1686 890; x_wconf 89' lang='lat' dir='ltr'>respon-</span> 
     </span>
     <span class='ocr_line' id='line_1_12' title="bbox 511 904 1685 950; baseline -0.002 -10"><span class='ocrx_word' id='word_1_96' title='bbox 511 906 650 941; x_wconf 85' lang='lat' dir='ltr'>sionem</span> <span class='ocrx_word' id='word_1_97' title='bbox 683 905 872 940; x_wconf 85' lang='lat' dir='ltr'>considera</span> <span class='ocrx_word' id='word_1_98' title='bbox 909 908 1046 949; x_wconf 86' lang='lat' dir='ltr'>quanta</span> <span class='ocrx_word' id='word_1_99' title='bbox 1076 909 1156 940; x_wconf 90' lang='lat' dir='ltr'>arte</span> <span class='ocrx_word' id='word_1_100' title='bbox 1190 905 1305 940; x_wconf 91' lang='lat' dir='ltr'>utitur</span> <span class='ocrx_word' id='word_1_101' title='bbox 1340 905 1395 939; x_wconf 80' lang='lat' dir='ltr'>liic</span> <span class='ocrx_word' id='word_1_102' title='bbox 1429 904 1495 940; x_wconf 90' lang='lat' dir='ltr'>iste</span> <span class='ocrx_word' id='word_1_103' title='bbox 1527 914 1685 950; x_wconf 87' lang='lat' dir='ltr'>magnus</span> 
     </span>
     <span class='ocr_line' id='line_1_13' title="bbox 511 964 1680 1011; baseline -0.002 -11"><span class='ocrx_word' id='word_1_104' title='bbox 511 969 646 1000; x_wconf 86' lang='lat' dir='ltr'>orator.</span> <span class='ocrx_word' id='word_1_105' title='bbox 675 965 765 1000; x_wconf 89' lang='lat' dir='ltr'>Nam</span> <span class='ocrx_word' id='word_1_106' title='bbox 794 965 962 1010; x_wconf 83' lang='lat' dir='ltr'>exemplo</span> <span class='ocrx_word' id='word_1_107' title='bbox 989 965 1137 1011; x_wconf 76' lang='lat' dir='ltr'>Virgilii,</span> <span class='ocrx_word' id='word_1_108' title='bbox 1159 968 1197 999; x_wconf 88' lang='lat' dir='ltr'>ut</span> <span class='ocrx_word' id='word_1_109' title='bbox 1221 965 1387 1000; x_wconf 73' lang='lat' dir='ltr'>videatur</span> <span class='ocrx_word' id='word_1_110' title='bbox 1409 964 1528 1010; x_wconf 89' lang='lat' dir='ltr'>ipsum</span> <span class='ocrx_word' id='word_1_111' title='bbox 1547 964 1680 999; x_wconf 88' lang='lat' dir='ltr'>imitari</span> 
     </span>
     <span class='ocr_line' id='line_1_14' title="bbox 511 1024 1683 1070; baseline -0.002 -10"><span class='ocrx_word' id='word_1_112' title='bbox 511 1025 547 1060; x_wconf 93' lang='lat' dir='ltr'>in</span> <span class='ocrx_word' id='word_1_113' title='bbox 573 1025 651 1060; x_wconf 90' lang='lat' dir='ltr'>eius</span> <span class='ocrx_word' id='word_1_114' title='bbox 679 1025 881 1070; x_wconf 76' lang='lat' dir='ltr'>praesentia,</span> <span class='ocrx_word' id='word_1_115' title='bbox 910 1025 1028 1070; x_wconf 91' lang='lat' dir='ltr'>primo</span> <span class='ocrx_word' id='word_1_116' title='bbox 1055 1025 1207 1060; x_wconf 87' lang='lat' dir='ltr'>assumit</span> <span class='ocrx_word' id='word_1_117' title='bbox 1236 1035 1346 1059; x_wconf 90' lang='lat' dir='ltr'>unam</span> <span class='ocrx_word' id='word_1_118' title='bbox 1375 1024 1569 1060; x_wconf 85' lang='lat' dir='ltr'>notabilem</span> <span class='ocrx_word' id='word_1_119' title='bbox 1599 1034 1683 1059; x_wconf 90' lang='lat' dir='ltr'>sen-</span> 
     </span>
     <span class='ocr_line' id='line_1_15' title="bbox 515 1083 1682 1130; baseline -0.002 -10"><span class='ocrx_word' id='word_1_120' title='bbox 515 1085 663 1121; x_wconf 81' lang='lat' dir='ltr'>tentiam</span> <span class='ocrx_word' id='word_1_121' title='bbox 692 1096 802 1130; x_wconf 90' lang='lat' dir='ltr'>super</span> <span class='ocrx_word' id='word_1_122' title='bbox 822 1096 894 1130; x_wconf 91' lang='lat' dir='ltr'>qua</span> <span class='ocrx_word' id='word_1_123' title='bbox 913 1085 1038 1120; x_wconf 87' lang='lat' dir='ltr'>fundet</span> <span class='ocrx_word' id='word_1_124' title='bbox 1056 1085 1192 1120; x_wconf 84' lang='lat' dir='ltr'>dietum</span> <span class='ocrx_word' id='word_1_125' title='bbox 1216 1095 1346 1129; x_wconf 87' lang='lat' dir='ltr'>suum;</span> <span class='ocrx_word' id='word_1_126' title='bbox 1367 1088 1402 1120; x_wconf 86' lang='lat' dir='ltr'>et</span> <span class='ocrx_word' id='word_1_127' title='bbox 1421 1084 1478 1119; x_wconf 87' lang='lat' dir='ltr'>illa</span> <span class='ocrx_word' id='word_1_128' title='bbox 1506 1083 1682 1119; x_wconf 89' lang='lat' dir='ltr'>sententia</span> 
     </span>
     <span class='ocr_line' id='line_1_16' title="bbox 512 1140 1684 1191; baseline -0.002 -11"><span class='ocrx_word' id='word_1_129' title='bbox 512 1148 566 1180; x_wconf 91' lang='lat' dir='ltr'>est</span> <span class='ocrx_word' id='word_1_130' title='bbox 597 1145 741 1190; x_wconf 89' lang='lat' dir='ltr'>propria</span> <span class='ocrx_word' id='word_1_131' title='bbox 760 1140 795 1188; x_wconf 51' lang='lat'>(²)</span> <span class='ocrx_word' id='word_1_132' title='bbox 828 1144 976 1191; x_wconf 84' lang='lat' dir='ltr'>Virgilii.</span> <span class='ocrx_word' id='word_1_133' title='bbox 1010 1144 1100 1179; x_wconf 83' lang='lat' dir='ltr'>Dicit</span> <span class='ocrx_word' id='word_1_134' title='bbox 1131 1154 1238 1190; x_wconf 88' lang='lat' dir='ltr'>ergo:</span> <span class='ocrx_word' id='word_1_135' title='bbox 1280 1147 1477 1178; x_wconf 73' lang='lat' dir='ltr'>I&#39;eramente</span> <span class='ocrx_word' id='word_1_136' title='bbox 1502 1141 1565 1188; x_wconf 73' lang='grc' dir='ltr'><strong><em>ρι’ἲι</em></strong></span> <span class='ocrx_word' id='word_1_137' title='bbox 1598 1145 1684 1178; x_wconf 83' lang='lat' dir='ltr'>volte</span> 
     </span>
     <span class='ocr_line' id='line_1_17' title="bbox 512 1204 1682 1250; baseline -0.001 -11"><span class='ocrx_word' id='word_1_138' title='bbox 512 1206 665 1249; x_wconf 72' lang='lat' dir='ltr'>appaion</span> <span class='ocrx_word' id='word_1_139' title='bbox 700 1215 789 1248; x_wconf 77' lang='lat' dir='ltr'>cose,</span> <span class='ocrx_word' id='word_1_140' title='bbox 817 1204 917 1249; x_wconf 87' lang='lat' dir='ltr'>idest,</span> <span class='ocrx_word' id='word_1_141' title='bbox 945 1208 1121 1250; x_wconf 85' lang='lat' dir='ltr'>apparent</span> <span class='ocrx_word' id='word_1_142' title='bbox 1154 1204 1278 1239; x_wconf 71' lang='lat' dir='ltr'>multae</span> <span class='ocrx_word' id='word_1_143' title='bbox 1310 1214 1379 1248; x_wconf 89' lang='lat' dir='ltr'>res,</span> <span class='ocrx_word' id='word_1_144' title='bbox 1411 1205 1469 1238; x_wconf 80' lang='lat' dir='ltr'>che</span> <span class='ocrx_word' id='word_1_145' title='bbox 1499 1205 1618 1238; x_wconf 71' lang='lat' dir='ltr'>(latmo</span> <span class='ocrx_word' id='word_1_146' title='bbox 1644 1205 1682 1238; x_wconf 87' lang='lat' dir='ltr'>al</span> 
     </span>
     <span class='ocr_line' id='line_1_18' title="bbox 513 1263 1682 1309; baseline -0.001 -10"><span class='ocrx_word' id='word_1_147' title='bbox 513 1265 651 1299; x_wconf 71' lang='lat' dir='ltr'>dubitor</span> <span class='ocrx_word' id='word_1_148' title='bbox 679 1265 775 1309; x_wconf 78' lang='lat' dir='ltr'>salsa</span> <span class='ocrx_word' id='word_1_149' title='bbox 810 1268 957 1308; x_wconf 75' lang='lat' dir='ltr'>matera,</span> <span class='ocrx_word' id='word_1_150' title='bbox 996 1274 1078 1308; x_wconf 66' lang='lat' dir='ltr'>quae</span> <span class='ocrx_word' id='word_1_151' title='bbox 1109 1267 1280 1309; x_wconf 81' lang='lat' dir='ltr'>praestant</span> <span class='ocrx_word' id='word_1_152' title='bbox 1313 1274 1462 1298; x_wconf 88' lang='lat' dir='ltr'>causam</span> <span class='ocrx_word' id='word_1_153' title='bbox 1495 1263 1682 1298; x_wconf 88' lang='lat' dir='ltr'>dubitandi</span> 
     </span>
     <span class='ocr_line' id='line_1_19' title="bbox 512 1323 1683 1367; baseline -0.001 -9"><span class='ocrx_word' id='word_1_154' title='bbox 512 1334 597 1359; x_wconf 84' lang='lat' dir='ltr'>cum</span> <span class='ocrx_word' id='word_1_155' title='bbox 627 1327 749 1358; x_wconf 87' lang='lat' dir='ltr'>tamen</span> <span class='ocrx_word' id='word_1_156' title='bbox 777 1334 849 1358; x_wconf 92' lang='lat' dir='ltr'>non</span> <span class='ocrx_word' id='word_1_157' title='bbox 875 1323 944 1358; x_wconf 85' lang='lat' dir='ltr'>sint</span> <span class='ocrx_word' id='word_1_158' title='bbox 963 1333 1051 1358; x_wconf 76' lang='lat' dir='ltr'>vere</span> <span class='ocrx_word' id='word_1_159' title='bbox 1069 1323 1294 1367; x_wconf 77' lang='lat' dir='ltr'>dubitabiles,</span> <span class='ocrx_word' id='word_1_160' title='bbox 1318 1334 1383 1367; x_wconf 81' lang='lat' dir='ltr'>per</span> <span class='ocrx_word' id='word_1_161' title='bbox 1402 1325 1431 1357; x_wconf 80' lang='lat' dir='ltr'>le</span> <span class='ocrx_word' id='word_1_162' title='bbox 1452 1333 1529 1357; x_wconf 72' lang='lat' dir='ltr'>cere</span> <span class='ocrx_word' id='word_1_163' title='bbox 1557 1325 1683 1367; x_wconf 71' lang='lat' dir='ltr'>cayc&#39;on</span> 
     </span>
     <span class='ocr_line' id='line_1_20' title="bbox 511 1382 1678 1429; baseline 0 -12"><span class='ocrx_word' id='word_1_164' title='bbox 511 1384 570 1417; x_wconf 75' lang='lat' dir='ltr'>che</span> <span class='ocrx_word' id='word_1_165' title='bbox 595 1393 658 1417; x_wconf 80' lang='lat' dir='ltr'>son</span> <span class='ocrx_word' id='word_1_166' title='bbox 687 1393 842 1426; x_wconf 74' lang='lat' dir='ltr'>nascose,</span> <span class='ocrx_word' id='word_1_167' title='bbox 870 1382 955 1428; x_wconf 91' lang='lat' dir='ltr'>quia</span> <span class='ocrx_word' id='word_1_168' title='bbox 984 1382 1219 1428; x_wconf 74' lang='lat' dir='ltr'>ignorantur,</span> <span class='ocrx_word' id='word_1_169' title='bbox 1247 1383 1345 1418; x_wconf 89' lang='lat' dir='ltr'>unde</span> <span class='ocrx_word' id='word_1_170' title='bbox 1375 1383 1459 1418; x_wconf 85' lang='lat' dir='ltr'>dicit</span> <span class='ocrx_word' id='word_1_171' title='bbox 1485 1382 1678 1429; x_wconf 86' lang='lat' dir='ltr'>Virgilius:</span> 
     </span>
     <span class='ocr_line' id='line_1_21' title="bbox 510 1442 1683 1488; baseline 0.001 -12"><span class='ocrx_word' id='word_1_172' title='bbox 510 1453 566 1477; x_wconf 80' lang='lat' dir='ltr'>res</span> <span class='ocrx_word' id='word_1_173' title='bbox 593 1444 729 1477; x_wconf 77' lang='lat' dir='ltr'>(mimos</span> <span class='ocrx_word' id='word_1_174' title='bbox 756 1444 931 1486; x_wconf 66' lang='lat' dir='ltr'>incognita</span> <span class='ocrx_word' id='word_1_175' title='bbox 958 1443 1082 1476; x_wconf 75' lang='lat' dir='ltr'>curbat.</span> <span class='ocrx_word' id='word_1_176' title='bbox 1102 1442 1203 1477; x_wconf 89' lang='lat' dir='ltr'>Unde</span> <span class='ocrx_word' id='word_1_177' title='bbox 1226 1446 1310 1477; x_wconf 88' lang='lat' dir='ltr'>nota</span> <span class='ocrx_word' id='word_1_178' title='bbox 1331 1442 1429 1487; x_wconf 87' lang='lat' dir='ltr'>quod</span> <span class='ocrx_word' id='word_1_179' title='bbox 1457 1443 1573 1477; x_wconf 85' lang='lat' dir='ltr'>multa</span> <span class='ocrx_word' id='word_1_180' title='bbox 1600 1452 1683 1488; x_wconf 87' lang='lat' dir='ltr'>quae</span> 
     </span>
     <span class='ocr_line' id='line_1_22' title="bbox 510 1501 1685 1548; baseline 0.001 -12"><span class='ocrx_word' id='word_1_181' title='bbox 510 1501 545 1536; x_wconf 91' lang='lat' dir='ltr'>in</span> <span class='ocrx_word' id='word_1_182' title='bbox 573 1512 611 1537; x_wconf 93' lang='lat' dir='ltr'>se</span> <span class='ocrx_word' id='word_1_183' title='bbox 639 1512 726 1537; x_wconf 75' lang='lat' dir='ltr'>vera</span> <span class='ocrx_word' id='word_1_184' title='bbox 745 1505 830 1536; x_wconf 85' lang='lat' dir='ltr'>sunt</span> <span class='ocrx_word' id='word_1_185' title='bbox 849 1512 920 1536; x_wconf 91' lang='lat' dir='ltr'>non</span> <span class='ocrx_word' id='word_1_186' title='bbox 941 1501 1143 1537; x_wconf 84' lang='lat' dir='ltr'>creduntur</span> <span class='ocrx_word' id='word_1_187' title='bbox 1163 1505 1310 1547; x_wconf 87' lang='lat' dir='ltr'>propter</span> <span class='ocrx_word' id='word_1_188' title='bbox 1332 1501 1575 1548; x_wconf 88' lang='lat' dir='ltr'>ignorantiam</span> <span class='ocrx_word' id='word_1_189' title='bbox 1595 1512 1685 1537; x_wconf 85' lang='lat' dir='ltr'>cau-</span> 
     </span>
     <span class='ocr_line' id='line_1_23' title="bbox 510 1561 1683 1606; baseline 0.001 -11"><span class='ocrx_word' id='word_1_190' title='bbox 510 1571 648 1605; x_wconf 84' lang='lat' dir='ltr'>sarum,</span> <span class='ocrx_word' id='word_1_191' title='bbox 676 1561 768 1596; x_wconf 85' lang='lat' dir='ltr'>sicut</span> <span class='ocrx_word' id='word_1_192' title='bbox 795 1561 892 1606; x_wconf 89' lang='lat' dir='ltr'>quod</span> <span class='ocrx_word' id='word_1_193' title='bbox 921 1561 1022 1596; x_wconf 75' lang='lat' dir='ltr'>navis</span> <span class='ocrx_word' id='word_1_194' title='bbox 1049 1561 1141 1596; x_wconf 89' lang='lat' dir='ltr'>mari</span> <span class='ocrx_word' id='word_1_195' title='bbox 1161 1561 1356 1606; x_wconf 89' lang='lat' dir='ltr'>tranquillo</span> <span class='ocrx_word' id='word_1_196' title='bbox 1378 1565 1413 1596; x_wconf 92' lang='lat' dir='ltr'>et</span> <span class='ocrx_word' id='word_1_197' title='bbox 1437 1561 1530 1596; x_wconf 82' lang='lat' dir='ltr'>coelo</span> <span class='ocrx_word' id='word_1_198' title='bbox 1552 1571 1683 1596; x_wconf 90' lang='lat' dir='ltr'>sereno</span> 
     </span>
     <span class='ocr_line' id='line_1_24' title="bbox 510 1620 1680 1666; baseline 0.001 -11"><span class='ocrx_word' id='word_1_199' title='bbox 510 1620 628 1655; x_wconf 88' lang='lat' dir='ltr'>subito</span> <span class='ocrx_word' id='word_1_200' title='bbox 655 1620 884 1665; x_wconf 84' lang='lat' dir='ltr'>absorbetur,</span> <span class='ocrx_word' id='word_1_201' title='bbox 913 1625 947 1656; x_wconf 91' lang='lat' dir='ltr'>et</span> <span class='ocrx_word' id='word_1_202' title='bbox 980 1631 1183 1666; x_wconf 88' lang='lat' dir='ltr'>numquam</span> <span class='ocrx_word' id='word_1_203' title='bbox 1211 1621 1256 1656; x_wconf 91' lang='lat' dir='ltr'>de</span> <span class='ocrx_word' id='word_1_204' title='bbox 1282 1624 1415 1656; x_wconf 83' lang='lat' dir='ltr'>caetero</span> <span class='ocrx_word' id='word_1_205' title='bbox 1442 1624 1610 1666; x_wconf 87' lang='lat' dir='ltr'>apparet;</span> <span class='ocrx_word' id='word_1_206' title='bbox 1643 1624 1680 1656; x_wconf 86' lang='lat' dir='ltr'>et</span> 
     </span>
     <span class='ocr_line' id='line_1_25' title="bbox 511 1676 1684 1726; baseline 0.002 -12"><span class='ocrx_word' id='word_1_207' title='bbox 511 1676 611 1723; x_wconf 53' lang='lat' dir='ltr'>siciss)</span> <span class='ocrx_word' id='word_1_208' title='bbox 641 1680 738 1725; x_wconf 90' lang='lat' dir='ltr'>quod</span> <span class='ocrx_word' id='word_1_209' title='bbox 766 1681 865 1715; x_wconf 87' lang='lat' dir='ltr'>Titus</span> <span class='ocrx_word' id='word_1_210' title='bbox 896 1681 978 1716; x_wconf 84' lang='lat' dir='ltr'>fecit</span> <span class='ocrx_word' id='word_1_211' title='bbox 1012 1681 1205 1716; x_wconf 72' lang='lat' dir='ltr'>vindictam</span> <span class='ocrx_word' id='word_1_212' title='bbox 1238 1680 1283 1716; x_wconf 88' lang='lat' dir='ltr'>de</span> <span class='ocrx_word' id='word_1_213' title='bbox 1316 1685 1435 1716; x_wconf 88' lang='lat' dir='ltr'>morte</span> <span class='ocrx_word' id='word_1_214' title='bbox 1467 1681 1608 1726; x_wconf 85' lang='lat' dir='ltr'>Christi,</span> <span class='ocrx_word' id='word_1_215' title='bbox 1645 1685 1684 1716; x_wconf 92' lang='lat' dir='ltr'>ut</span> 
     </span>
     <span class='ocr_line' id='line_1_26' title="bbox 511 1740 1682 1786; baseline 0.001 -12"><span class='ocrx_word' id='word_1_216' title='bbox 511 1740 642 1775; x_wconf 84' lang='lat' dir='ltr'>dicitur</span> <span class='ocrx_word' id='word_1_217' title='bbox 668 1740 703 1775; x_wconf 92' lang='lat' dir='ltr'>in</span> <span class='ocrx_word' id='word_1_218' title='bbox 730 1740 947 1786; x_wconf 79' lang='lat' dir='ltr'>praeeedenti</span> <span class='ocrx_word' id='word_1_219' title='bbox 974 1741 1144 1786; x_wconf 83' lang='lat' dir='ltr'>capitulo,</span> <span class='ocrx_word' id='word_1_220' title='bbox 1173 1740 1271 1785; x_wconf 87' lang='lat' dir='ltr'>quod</span> <span class='ocrx_word' id='word_1_221' title='bbox 1305 1744 1428 1776; x_wconf 88' lang='lat' dir='ltr'>tamen</span> <span class='ocrx_word' id='word_1_222' title='bbox 1459 1744 1513 1775; x_wconf 90' lang='lat' dir='ltr'>est</span> <span class='ocrx_word' id='word_1_223' title='bbox 1539 1741 1682 1775; x_wconf 85' lang='lat' dir='ltr'>falsum.</span> 
     </span>
     <span class='ocr_line' id='line_1_27' title="bbox 511 1799 1684 1846; baseline 0.002 -13"><span class='ocrx_word' id='word_1_224' title='bbox 511 1800 553 1834; x_wconf 90' lang='lat' dir='ltr'>Et</span> <span class='ocrx_word' id='word_1_225' title='bbox 581 1800 694 1846; x_wconf 87' lang='lat' dir='ltr'>tangit</span> <span class='ocrx_word' id='word_1_226' title='bbox 716 1799 834 1845; x_wconf 86' lang='lat' dir='ltr'>ipsum</span> <span class='ocrx_word' id='word_1_227' title='bbox 854 1810 1021 1835; x_wconf 90' lang='lat' dir='ltr'>errorem</span> <span class='ocrx_word' id='word_1_228' title='bbox 1042 1800 1189 1846; x_wconf 84' lang='lat' dir='ltr'>Virgilii,</span> <span class='ocrx_word' id='word_1_229' title='bbox 1209 1800 1348 1836; x_wconf 83' lang='lat' dir='ltr'>dicens:</span> <span class='ocrx_word' id='word_1_230' title='bbox 1378 1802 1411 1834; x_wconf 81' lang='lat' dir='ltr'>la</span> <span class='ocrx_word' id='word_1_231' title='bbox 1439 1805 1497 1835; x_wconf 81' lang='grc' dir='ltr'>ιαα</span> <span class='ocrx_word' id='word_1_232' title='bbox 1516 1801 1684 1835; x_wconf 74' lang='lat' dir='ltr'>dimanda</span> 
     </span>
     <span class='ocr_line' id='line_1_28' title="bbox 512 1860 1684 1905; baseline 0.003 -12"><span class='ocrx_word' id='word_1_233' title='bbox 512 1861 715 1903; x_wconf 72' lang='lat' dir='ltr'>m&#39;rwrera,</span> <span class='ocrx_word' id='word_1_234' title='bbox 747 1860 847 1905; x_wconf 90' lang='lat' dir='ltr'>idest,</span> <span class='ocrx_word' id='word_1_235' title='bbox 879 1861 1039 1896; x_wconf 87' lang='lat' dir='ltr'>affirmat</span> <span class='ocrx_word' id='word_1_236' title='bbox 1071 1864 1106 1896; x_wconf 92' lang='lat' dir='ltr'>et</span> <span class='ocrx_word' id='word_1_237' title='bbox 1137 1860 1309 1905; x_wconf 76' lang='lat' dir='ltr'>declarat,</span> <span class='ocrx_word' id='word_1_238' title='bbox 1343 1871 1436 1895; x_wconf 80' lang='lat' dir='ltr'>esser</span> <span class='ocrx_word' id='word_1_239' title='bbox 1469 1865 1526 1895; x_wconf 75' lang='lat' dir='ltr'>tuo</span> <span class='ocrx_word' id='word_1_240' title='bbox 1561 1862 1684 1896; x_wconf 81' lang='lat' dir='ltr'>creder</span> 
     </span>
     <span class='ocr_line' id='line_1_29' title="bbox 511 1920 1680 1966; baseline 0.002 -12"><span class='ocrx_word' id='word_1_241' title='bbox 511 1921 560 1954; x_wconf 73' lang='lat' dir='ltr'>cle&#39;</span> <span class='ocrx_word' id='word_1_242' title='bbox 574 1921 606 1954; x_wconf 76' lang='lat' dir='ltr'>io</span> <span class='ocrx_word' id='word_1_243' title='bbox 630 1921 717 1965; x_wconf 70' lang='lat' dir='ltr'>sossi</span> <span class='ocrx_word' id='word_1_244' title='bbox 739 1931 851 1955; x_wconf 78' lang='lat' dir='ltr'>avaro</span> <span class='ocrx_word' id='word_1_245' title='bbox 870 1923 906 1955; x_wconf 77' lang='lat' dir='ltr'>m</span> <span class='ocrx_word' id='word_1_246' title='bbox 929 1922 950 1954; x_wconf 81' lang='lat' dir='ltr'>l’</span> <span class='ocrx_word' id='word_1_247' title='bbox 965 1922 1058 1956; x_wconf 76' lang='lat' dir='ltr'>altra</span> <span class='ocrx_word' id='word_1_248' title='bbox 1080 1922 1160 1964; x_wconf 71' lang='lat' dir='ltr'>vita,</span> <span class='ocrx_word' id='word_1_249' title='bbox 1187 1920 1321 1956; x_wconf 85' lang='lat' dir='ltr'>seilicet</span> <span class='ocrx_word' id='word_1_250' title='bbox 1349 1921 1549 1966; x_wconf 87' lang='lat' dir='ltr'>temporali,</span> <span class='ocrx_word' id='word_1_251' title='bbox 1570 1932 1680 1956; x_wconf 90' lang='lat' dir='ltr'>mun-</span> 
     </span>
     <span class='ocr_line' id='line_1_30' title="bbox 511 1979 1680 2026; baseline 0.002 -12"><span class='ocrx_word' id='word_1_252' title='bbox 511 1979 615 2024; x_wconf 78' lang='lat' dir='ltr'>dana,</span> <span class='ocrx_word' id='word_1_253' title='bbox 639 1982 736 2025; x_wconf 75' lang='lat' dir='ltr'>forse</span> <span class='ocrx_word' id='word_1_254' title='bbox 761 1991 828 2025; x_wconf 84' lang='lat' dir='ltr'>per</span> <span class='ocrx_word' id='word_1_255' title='bbox 854 1982 966 2025; x_wconf 76' lang='lat' dir='ltr'>quella</span> <span class='ocrx_word' id='word_1_256' title='bbox 992 1982 1128 2015; x_wconf 73' lang='lat' dir='ltr'>cerchia</span> <span class='ocrx_word' id='word_1_257' title='bbox 1154 1982 1280 2015; x_wconf 77' lang='lat' dir='ltr'>(Iov’io</span> <span class='ocrx_word' id='word_1_258' title='bbox 1310 1991 1397 2025; x_wconf 80' lang='lat' dir='ltr'>era,·</span> <span class='ocrx_word' id='word_1_259' title='bbox 1428 1980 1514 2026; x_wconf 89' lang='lat' dir='ltr'>quia</span> <span class='ocrx_word' id='word_1_260' title='bbox 1540 1980 1680 2016; x_wconf 89' lang='lat' dir='ltr'>inveni-</span> 
     </span>
     <span class='ocr_line' id='line_1_31' title="bbox 511 2040 1682 2087; baseline 0.001 -12"><span class='ocrx_word' id='word_1_261' title='bbox 511 2040 554 2075; x_wconf 91' lang='lat' dir='ltr'>sti</span> <span class='ocrx_word' id='word_1_262' title='bbox 582 2050 641 2076; x_wconf 93' lang='lat' dir='ltr'>me</span> <span class='ocrx_word' id='word_1_263' title='bbox 668 2041 703 2075; x_wconf 93' lang='lat' dir='ltr'>in</span> <span class='ocrx_word' id='word_1_264' title='bbox 731 2041 868 2077; x_wconf 83' lang='lat' dir='ltr'>circulo</span> <span class='ocrx_word' id='word_1_265' title='bbox 895 2052 1106 2077; x_wconf 89' lang='lat' dir='ltr'>avarorum.</span> <span class='ocrx_word' id='word_1_266' title='bbox 1134 2041 1175 2076; x_wconf 92' lang='lat' dir='ltr'>Et</span> <span class='ocrx_word' id='word_1_267' title='bbox 1202 2041 1337 2087; x_wconf 86' lang='lat' dir='ltr'>detegit</span> <span class='ocrx_word' id='word_1_268' title='bbox 1364 2040 1536 2076; x_wconf 87' lang='lat' dir='ltr'>continuo</span> <span class='ocrx_word' id='word_1_269' title='bbox 1564 2040 1682 2086; x_wconf 90' lang='lat' dir='ltr'>ipsum</span> 
     </span>
     <span class='ocr_line' id='line_1_32' title="bbox 510 2100 1680 2145; baseline 0.001 -11"><span class='ocrx_word' id='word_1_270' title='bbox 510 2109 688 2144; x_wconf 86' lang='lat' dir='ltr'>errorem,</span> <span class='ocrx_word' id='word_1_271' title='bbox 716 2100 857 2135; x_wconf 88' lang='lat' dir='ltr'>dicens:</span> <span class='ocrx_word' id='word_1_272' title='bbox 896 2111 938 2136; x_wconf 85' lang='lat' dir='ltr'>or</span> <span class='ocrx_word' id='word_1_273' title='bbox 964 2103 1066 2145; x_wconf 76' lang='lat' dir='ltr'>sappi</span> <span class='ocrx_word' id='word_1_274' title='bbox 1091 2101 1313 2135; x_wconf 74' lang='lat' dir='ltr'>clz’avarizia</span> <span class='ocrx_word' id='word_1_275' title='bbox 1336 2102 1374 2145; x_wconf 75' lang='lat' dir='ltr'>fu</span> <span class='ocrx_word' id='word_1_276' title='bbox 1397 2102 1532 2145; x_wconf 66' lang='lat' dir='ltr'>partica</span> <span class='ocrx_word' id='word_1_277' title='bbox 1556 2104 1680 2145; x_wconf 80' lang='lat' dir='ltr'>troppo</span> 
     </span>
     <span class='ocr_line' id='line_1_33' title="bbox 511 2160 1684 2206; baseline 0 -11"><span class='ocrx_word' id='word_1_278' title='bbox 511 2162 558 2195; x_wconf 79' lang='lat' dir='ltr'>da</span> <span class='ocrx_word' id='word_1_279' title='bbox 587 2170 651 2203; x_wconf 80' lang='lat' dir='ltr'>me,</span> <span class='ocrx_word' id='word_1_280' title='bbox 679 2170 743 2205; x_wconf 92' lang='lat' dir='ltr'>per</span> <span class='ocrx_word' id='word_1_281' title='bbox 779 2160 1071 2206; x_wconf 85' lang='lat' dir='ltr'>prodigalitatem</span> <span class='ocrx_word' id='word_1_282' title='bbox 1100 2160 1261 2196; x_wconf 78' lang='lat' dir='ltr'>maxime</span> <span class='ocrx_word' id='word_1_283' title='bbox 1291 2160 1484 2195; x_wconf 90' lang='lat' dir='ltr'>distantem</span> <span class='ocrx_word' id='word_1_284' title='bbox 1518 2160 1564 2195; x_wconf 87' lang='lat' dir='ltr'>ab</span> <span class='ocrx_word' id='word_1_285' title='bbox 1595 2170 1684 2196; x_wconf 85' lang='lat' dir='ltr'>ava—</span> 
     </span>
    </p>
   </div>
   <div class='ocr_carea' id='block_1_3' title="bbox 543 2242 1221 2246">
    <p class='ocr_par' dir='ltr' id='par_1_3' title="bbox 543 2242 1221 2246">
     <span class='ocr_line' id='line_1_34' title="bbox 543 2242 1221 2246; baseline 0 0"><span class='ocrx_word' id='word_1_286' title='bbox 543 2242 1221 2246; x_wconf 95' lang='lat' dir='ltr'> </span> 
     </span>
    </p>
   </div>
   <div class='ocr_carea' id='block_1_4' title="bbox 1580 2244 1685 2247">
    <p class='ocr_par' dir='ltr' id='par_1_4' title="bbox 1580 2244 1685 2247">
     <span class='ocr_line' id='line_1_35' title="bbox 1580 2244 1685 2247; baseline 0 0"><span class='ocrx_word' id='word_1_287' title='bbox 1580 2244 1685 2247; x_wconf 95' lang='lat' dir='ltr'> </span> 
     </span>
    </p>
   </div>
   <div class='ocr_carea' id='block_1_5' title="bbox 574 2286 1486 2328">
    <p class='ocr_par' dir='ltr' id='par_1_5' title="bbox 574 2286 1486 2328">
     <span class='ocr_line' id='line_1_36' title="bbox 574 2286 1486 2328; baseline 0.001 -18"><span class='ocrx_word' id='word_1_288' title='bbox 574 2286 601 2316; x_wconf 87' lang='lat'>(¹)</span> <span class='ocrx_word' id='word_1_289' title='bbox 619 2287 648 2310; x_wconf 84' lang='lat' dir='ltr'>E.</span> <span class='ocrx_word' id='word_1_290' title='bbox 666 2287 713 2317; x_wconf 87' lang='lat' dir='ltr'>pie.</span> <span class='ocrx_word' id='word_1_291' title='bbox 904 2286 930 2317; x_wconf 64' lang='grc' dir='ltr'>(Ἰ</span> <span class='ocrx_word' id='word_1_292' title='bbox 948 2288 978 2311; x_wconf 82' lang='lat' dir='ltr'>E.</span> <span class='ocrx_word' id='word_1_293' title='bbox 996 2288 1108 2328; x_wconf 78' lang='lat' dir='ltr'>proprie.</span> <span class='ocrx_word' id='word_1_294' title='bbox 1298 2288 1323 2317; x_wconf 41' lang='grc' dir='ltr'>ς’)</span> <span class='ocrx_word' id='word_1_295' title='bbox 1343 2290 1394 2315; x_wconf 87' lang='grc'><strong>117,</strong></span> <span class='ocrx_word' id='word_1_296' title='bbox 1412 2288 1486 2312; x_wconf 76' lang='lat' dir='ltr'>sicul.</span> 
     </span>
    </p>
   </div>
  </div>
 </body>
</html>
