1766 2856
501 236 569 266 254
861 238 1063 264 COMENTUM
1090 237 1308 263 PURGATORH

498 316 604 359 poeta
632 312 718 347 vidit
746 312 802 346 hic
829 311 864 345 in
892 310 1021 356 figura,
1042 313 1166 356 postea
1194 319 1282 344 vero
1302 309 1337 343 in
1355 309 1475 345 divina
1494 310 1669 355 essentia;

499 372 580 408 ideo
606 372 712 407 dicit:
741 372 798 405 che
822 372 862 416 [a
886 371 935 414 qli
961 371 1077 413 anyelt'
1107 370 1226 413 yln'olcz‘
1260 370 1316 403 del
1345 379 1407 403 seco
1433 380 1553 415 pomo,
1584 370 1671 415 quia

499 434 697 476 pascuntur
729 430 852 465 fructu
883 429 1125 474 beatitudinis,
1166 439 1182 463 e
1209 432 1373 473 perpetue
1405 439 1515 463 nozze
1542 432 1583 475 [a
1616 431 1673 464 nel
1712 432 1714 435 ’

499 492 602 535 cielo;
629 490 714 535 quia
741 493 942 525 vescuntur
969 488 1189 524 aeternaliter
1214 488 1346 523 talibus
1373 488 1488 534 epulis
1515 489 1551 523 in
1577 489 1670 524 coelo

500 561 572 585 non
598 550 793 595 aliquando
820 549 911 585 sicut
938 549 974 584 in
1001 552 1099 584 terra
1126 552 1369 594 gustaverunt
1403 548 1438 583 in
1465 552 1599 584 monte.
1628 549 1671 584 Et

498 609 598 644 dicit:
627 620 644 643 e
671 611 765 653 vinti,
792 619 813 644 a
840 609 958 644 subito
986 608 1189 654 splendore,
1217 608 1309 642 sicut
1337 618 1434 643 nune
1461 611 1578 654 poeta,
1598 612 1672 643 tor-

499 679 590 703 naro
624 670 695 703 alla
721 670 868 713 parole,
895 668 1030 703 scilicet
1057 667 1197 711 Christi7
1226 667 1287 712 qui
1315 667 1402 701 dixit
1430 667 1492 713 eis,
1520 668 1670 714 surgite,

499 728 592 763 sicut
610 732 645 764 et
664 739 761 763 nune
781 728 955 764 Mathildis
974 728 1061 762 dixit
1084 731 1219 773 poetae:
1246 737 1368 773 surge.
1389 728 1431 762 Et
1453 728 1552 763 dicit:
1575 729 1672 763 dalla

500 790 583 832 qual
605 790 711 833 faron
739 791 822 823 rom
848 789 1011 832 mayffl'or
1042 789 1156 831 sonui,
1188 787 1332 832 seilicet,
1365 790 1575 822 sanctorum
1607 799 1672 834 pa-

501 853 610 891 truni,
643 858 735 892 quos
774 847 968 892 aliquando
1008 847 1178 882 excitavit
1219 847 1337 892 Deus;
1375 847 1433 882 vel
1465 847 1539 892 die,
1574 847 1672 892 quod

500 907 617 941 maior
643 917 804 952 somnus,
832 907 966 942 scilicet
993 907 1131 951 mortis,
1165 906 1359 952 aliquando
1391 907 1457 941 fuit
1484 907 1599 943 vietus
1626 907 1671 942 ad

500 966 655 1001 verbum
683 967 826 1002 Domini
853 967 945 1003 sicut
974 967 1008 1001 in
1034 967 1172 1002 Lazaro
1200 970 1236 1002 et
1268 966 1486 1012 quibusdam
1513 967 1601 1002 aliis.
1630 967 1672 1002 Et

499 1025 601 1061 dicit:
641 1037 658 1060 e
689 1028 808 1061 videro
843 1030 995 1061 scemata
1031 1028 1108 1061 loro
1149 1028 1281 1070 scuola,
1316 1026 1417 1071 idest,
1449 1027 1674 1072 societatem,

500 1082 568 1119 cosi
597 1087 633 1120 cli
659 1082 769 1120 Μοῑεέ
793 1096 888 1120 come
914 1087 1053 1130 d'Elzssa;
1080 1085 1282 1121 adduxerat
1308 1086 1404 1121 enim
1433 1086 1594 1121 Christus
1621 1087 1674 1122 le—

500 1146 711 1192 gislatorem
739 1147 897 1192 Moysen]
933 1150 968 1181 et
1000 1146 1062 1181 Dei
1097 1146 1294 1181 zelatorem
1330 1146 1475 1192 Elyam:
1504 1146 1673 1182 dominus

501 1206 669 1240 vivorum
698 1205 732 1240 in
760 1206 859 1251 Εἰμὶ,
887 1209 922 1240 et
949 1209 1184 1240 mortuorum
1218 1205 1253 1239 in
1285 1206 1425 1251 Moyse3
1453 1209 1484 1240 el
1516 1207 1553 1240 al
1579 1216 1674 1241 mae-

499 1269 572 1299 stro
598 1276 674 1308 suo,
701 1265 846 1310 seilicet,
865 1265 1018 1310 Christo,
1038 1269 1169 1300 *mutata
1196 1266 1297 1309 scola,
1326 1265 1426 1310 idest,
1447 1269 1565 1311 veste3
1586 1276 1671 1301 nam

500 1324 536 1358 in
558 1324 616 1359 illa
635 1324 954 1371 transfiguratione
974 1324 1249 1370 resplenduerat
1268 1324 1376 1360 facies
1395 1325 1473 1360 eius
1492 1325 1585 1361 sicut
1604 1326 1667 1371 sol,

500 1388 534 1420 et
562 1385 777 1420 vestimenta
804 1385 881 1420 eius
909 1385 1001 1420 sacta
1028 1388 1133 1420 erant
1159 1385 1252 1420 sicut
1279 1385 1352 1430 nix,
1373 1396 1445 1420 non
1471 1389 1595 1421 tamen
1613 1396 1672 1421 as-

500 1454 649 1479 sumens
677 1455 809 1479 novam
838 1444 967 1480 faciem
995 1445 1052 1480 vel
1080 1444 1249 1491 figuram,
1273 1445 1334 1480 sed
1359 1445 1495 1480 candor
1522 1446 1581 1480 ille
1607 1455 1671 1480 ve-

500 1504 608 1538 stium
637 1504 856 1549 procedebat
888 1514 909 1539 a
943 1504 1101 1540 candore
1134 1505 1247 1549 faciei,
1277 1508 1317 1539 ut
1352 1505 1402 1540 ait
1436 1505 1671 1551 Augustinus,

500 1567 624 1609 postea
643 1567 767 1598 autem
788 1567 978 1598 vanuerat.
992 1567 1082 1598 —E
1100 1566 1177 1599 vicli.
1198 1565 1262 1599 Hic
1281 1568 1388 1610 poeta
1407 1565 1562 1600 ostendit
1581 1576 1673 1610 qua-

501 1622 581 1657 liter
609 1632 779 1657 reversus
806 1633 826 1657 a
854 1633 892 1657 se
920 1623 1049 1658 viderit
1081 1623 1271 1658 ecclesiam
1307 1628 1560 1659 remanentem
1595 1628 1674 1669 post

499 1681 698 1716 discessum
727 1681 854 1715 Christi
882 1685 917 1716 et
945 1682 1139 1726 exercitus,
1167 1682 1309 1717 dicens:
1328 1685 1359 1717 E
1380 1684 1450 1717 vidi
1471 1685 1583 1727 quella
1597 1686 1673 1728 pta,

500 1740 645 1785 seilicet,
674 1740 883 1785 Mathildim,
916 1751 998 1786 qua}
1033 1741 1091 1786 pie
1126 1752 1185 1776 me
1218 1745 1406 1787 receperat
1432 1752 1497 1787 per
1533 1743 1673 1789 sylvam

503 1803 709 1844 errantem3
739 1800 835 1835 unde
868 1800 969 1836 dicit:
1007 1802 1064 1835 che
1094 1803 1133 1846 fec
1160 1803 1388 1836 conducilrice
1411 1804 1495 1846 pria
1525 1804 1576 1837 ‹le’
1595 1804 1674 1838 miei

499 1861 599 1903 passi
625 1861 730 1903 lzmyo
757 1861 782 1893 il
803 1861 918 1904 fiante,
941 1860 1086 1905 scilicet,
1110 1861 1310 1906 Lethaeum‚
1330 1872 1348 1896 e
1374 1866 1455 1896 lullo
1477 1863 1512 1897 in
1533 1863 1670 1908 dubbio,

502 1919 587 1964 quia
615 1929 687 1954 non
715 1919 882 1954 videbam
911 1919 1126 1965 Beatricem,
1147 1922 1250 1955 dissi:
1272 1919 1353 1956 ov'e‘
1369 1923 1552 1956 Beatressce?
1570 1921 1674 1967 quasi

501 1978 626 2013 volens
653 1978 793 2014 dicere:
824 1979 971 2014 recessit
999 1979 1072 2025 ipsa
1102 1980 1194 2015 forte
1213 1980 1248 2015 in
1267 1980 1402 2015 coelum
1422 1991 1507 2015 cum
1529 1981 1618 2026 aliis,
1638 1985 1674 2017 et

502 2048 573 2072 non
600 2038 703 2072 duxit
735 2048 794 2073 me
821 2041 974 2074 secum?
1001 2043 1036 2074 et
1069 2043 1191 2075 tamen
1225 2050 1296 2075 non
1325 2043 1466 2085 poterat
1494 2041 1561 2075 hoc
1591 2050 1674 2076 ere-

501 2096 599 2141 dere,
628 2097 712 2141 quia
742 2098 871 2133 totiens
898 2098 1016 2134 suerat
1043 2099 1109 2134 sibi
1137 2099 1356 2145 promissum
1385 2103 1420 2134 et
1438 2099 1673 2145 praedictum3

502 2155 581 2190 ideo
600 2156 693 2191 bene
712 2157 796 2192 dicit
822 2159 857 2192 in
885 2159 1017 2194 dubbio„
1039 2159 1081 2193 Et
1099 2159 1219 2194 subdit
1241 2159 1513 2204 responsionem
1534 2159 1674 2195 Mathil-

501 2215 564 2260 dis,
596 2215 740 2251 dicens:
772 2219 853 2251 oml’
866 2219 945 2262 ella,
981 2218 1127 2263 scilicet,
1164 2219 1348 2264 MathiIdis,
1386 2220 1524 2265 supple,
1559 2219 1671 2254 dixit:

501 2276 578 2310 vedt‘
603 2276 645 2310 lez?
669 2279 756 2310 solco
783 2278 818 2310 la
841 2279 990 2321 sronda,
1009 2289 1120 2323 quam
1148 2278 1193 2313 de
1220 2289 1314 2314 novo
1336 2279 1561 2325 produxerat
1578 2279 1673 2315 dicta
