1737 2836
502 191 640 218 CANTUS
666 193 836 218 OCTAVUS.
1189 189 1257 221 493

84 273 130 298 ex
150 264 278 310 pelago
305 264 434 300 Asricae
461 274 547 300 cum
574 265 744 300 omnibus
776 265 886 311 copiis
917 266 1118 302 Messanam
1149 267 1262 312 appli-

81 324 170 359 cuit.
195 324 251 359 Sic
271 324 381 370 igitur
400 325 581 361 Jobannes
600 325 693 360 mira
715 329 795 361 arte
814 328 849 361 et
869 336 940 361 non
962 326 1099 361 credita
1129 326 1261 372 eripuit

81 383 237 419 Siciliam
271 384 413 429 Carolo,
446 395 542 420 anno
577 385 824 421 sextodecimo
864 389 1057 431 postquam
1090 389 1260 422 tenuerat

80 443 178 479 illam
210 444 366 480 nobilem
398 445 579 489 insulam3
607 455 673 490 pro
705 455 777 490 qua
808 445 974 482 habenda
1010 449 1060 481 tot
1092 449 1128 482 et
1163 449 1259 481 tanta

81 504 209 550 proelia
236 504 322 539 olim
350 509 452 551 gesta
480 508 564 540 sunt
591 505 684 541 inter
711 505 865 540 Romam
894 509 930 541 et
956 506 1126 542 Africam.
1155 507 1259 541 Nunc

81 567 136 599 est
161 564 454 600 descendendum
483 565 528 600 ad
555 564 710 600 literam.
740 565 830 600 Dicit
857 565 1026 601 Carolus:
1056 566 1183 601 nobilis
1203 566 1258 600 in-

81 624 159 659 sula
187 624 314 659 Siciliae
342 624 566 670 pervenisset
592 625 636 660 ad
664 624 923 661 descendentes
951 636 1063 669 meos„
1095 637 1131 660 se
1162 628 1258 660 mala

80 685 252 728 siynorz'a,
273 684 483 720 francorum
512 695 597 720 cum
625 685 807 730 superbia,
827 685 986 730 luxuria,
1008 685 1161 721 avaritia
1187 685 1255 720 im-

80 744 259 789 portabili,
287 746 345 779 che
370 755 505 789 sempr-e
530 755 672 788 accora,
693 745 793 790 idest,
814 749 929 790 necat,
953 746 1009 780 vel
1029 745 1194 780 accendit
1211 745 1256 780 ad

80 803 185 848 iram,
215 805 239 838 li
257 806 380 848 postoli
405 806 563 848 suyyetlz',
585 815 655 839 non
684 815 802 839 avesse
827 815 940 839 nzosso
968 806 1145 849 Palermo,
1169 815 1252 839 nam

79 864 176 909 apud
192 864 418 899 Panormum
434 865 580 910 incoepit
595 865 787 910 tumultus⁷
803 876 825 899 α
843 866 992 908 yrc'dar:
1007 867 1125 908 Mora,
1142 875 1254 899 mora.

79 923 153 958 Nec
182 934 360 969 umquam
389 925 541 960 Carolus
569 928 704 970 postea,
731 925 788 959 vel
816 924 871 959 sui
899 925 1158 960 descendentes
1190 935 1255 970 po-

81 987 231 1019 tuerunt
259 995 480 1030 recuperare
506 985 682 1030 Siciliam3
715 985 789 1020 imo
824 985 898 1030 ipse
933 986 1084 1021 Carolus
1112 985 1183 1020 cito
1210 995 1253 1020 ex

78 1045 204 1080 dolore
234 1048 401 1080 mortuus
429 1049 494 1090 est,
514 1045 640 1080 relicto
668 1045 740 1081 filio
767 1048 884 1091 capto,
912 1050 947 1081 et
976 1056 1089 1092 regno
1118 1045 1255 1091 Apuliae

79 1105 115 1140 in
144 1115 277 1151 magna
305 1105 640 1141 confusione—E.
670 1105 733 1141 Hic
760 1106 912 1141 Carolus
939 1106 1133 1151 persuadet
1152 1105 1253 1140 fratri

80 1176 160 1210 suo,
190 1169 229 1200 ut
256 1166 424 1211 exemplo
452 1166 509 1200 avi
538 1166 592 1200 sui
623 1166 770 1201 territus
796 1170 925 1201 caveat
951 1176 996 1202 ne
1022 1166 1160 1202 accidat
1187 1166 1255 1200 sibi

79 1225 195 1260 simile
222 1225 258 1259 in
286 1235 400 1270 regno
434 1235 511 1269 suo,
541 1225 626 1270 quia
661 1226 817 1261 habebat
849 1226 1021 1262 officiales
1054 1236 1186 1261 avaros
1217 1225 1251 1260 in

80 1285 186 1320 terris
212 1284 297 1329 suis,
326 1284 387 1329 qui
415 1285 654 1330 acquirebant
682 1285 746 1320 sibi
774 1286 966 1331 pecuniam
995 1290 1029 1322 et
1057 1286 1133 1332 regi
1162 1285 1253 1320 inl'a-

79 1345 202 1380 miam.
223 1344 311 1379 Dicit
330 1355 434 1391 ergo:
456 1347 487 1379 E
502 1356 538 1379 se
561 1347 628 1380 mio
644 1347 750 1390 frate,
766 1346 911 1390 scilicet,
928 1346 1119 1390 Robertus,
1136 1350 1252 1389 questo

77 1405 300 1447 anticedesse,
318 1404 420 1449 quasi
436 1404 547 1439 dicat:
568 1405 596 1439 si
615 1415 660 1440 ex
681 1406 749 1440 hoc
765 1406 860 1440 malo
875 1406 1060 1451 przeterito
1076 1405 1254 1451 przevide-

80 1469 133 1501 ret
156 1465 212 1500 vel
237 1464 561 1510 praeconsideraret
588 1465 803 1511 snun1‚j3m
823 1465 1030 1511 provideret
1052 1466 1132 1510 sibi3
1157 1465 1253 1501 unde

76 1525 179 1561 dicit:
209 1526 360 1559 savara
385 1519 531 1568 popm-cs}
559 1526 595 1559 cli
624 1526 832 1569 Cacaloyna,
860 1526 928 1560 hoc
954 1525 1049 1570 dicit,
1073 1526 1158 1571 quia
1188 1536 1250 1560 rex

77 1585 258 1620 Robertus
285 1584 432 1629 quando
459 1584 556 1619 stetit
575 1584 610 1619 in
631 1584 823 1631 Aragonia,
842 1585 947 1620 cuius
966 1596 1049 1631 pars
1070 1586 1252 1621 maritima

77 1648 230 1680 vocatur
256 1643 453 1688 Catalonia‚
482 1643 587 1679 obses
615 1654 680 1690 pro
708 1648 810 1690 patre
838 1655 916 1689 suO,
943 1645 1135 1690 acquisivit
1161 1645 1255 1680 ami-

78 1704 178 1739 citias
205 1707 241 1739 et
267 1703 530 1739 familiaritates
558 1704 774 1749 multorum,
806 1715 899 1750 quos
930 1708 1054 1751 postea
1087 1705 1120 1740 in
1154 1705 1252 1740 Italia

77 1763 319 1810 promovebat
352 1763 398 1798 ad
426 1763 556 1808 officia,
592 1764 654 1809 qui
688 1768 868 1800 noverant
885 1761 919 1808 (¹)
954 1765 1048 1800 bene
1074 1776 1253 1800 accumu-

80 1824 166 1859 lare.
195 1823 247 1858 Ad
276 1823 372 1868 quod
400 1823 474 1858 duo
501 1823 734 1869 impellebant
760 1834 834 1868 eos,
867 1824 1013 1869 scilicet,
1045 1828 1251 1870 paupertas,

80 1894 163 1930 quae
191 1883 320 1919 suadet
348 1883 483 1918 homini
512 1884 651 1918 furtum
673 1887 708 1919 et
728 1884 911 1928 rapinam3
931 1887 966 1919 et
985 1885 1148 1929 avaritia,
1170 1895 1252 1929 quae

81 1944 196 1979 reddit
215 1944 401 1979 hominem
426 1943 655 1990 ingeniosum
675 1943 719 1978 ad
738 1943 860 1978 omnia
881 1943 1000 1978 illicita
1019 1943 1131 1978 lucra.
1153 1944 1253 1980 Unde

78 2004 173 2039 bene
195 2003 386 2039 Africanus
414 2003 533 2038 minor
552 2004 740 2038 consultus
767 2003 802 2038 in
829 2007 971 2048 senatu,
992 2007 1075 2038 uter
1093 2003 1251 2039 duorum

78 2064 233 2099 deberet
253 2063 343 2098 mitti
361 2064 406 2098 ad
424 2063 620 2110 regendam
637 2063 873 2108 provinciam,
890 2063 1089 2108 respondit:
1110 2068 1254 2109 neuter5

79 2124 163 2169 quia
190 2124 282 2159 alter
310 2124 395 2158 nibil
423 2124 543 2168 babet,
571 2123 674 2158 alteri
704 2123 787 2158 nihil
809 2123 953 2158 sufficit.
976 2124 1019 2158 Et
1042 2134 1129 2159 vere
1155 2127 1253 2160 cata-

142 2253 169 2281 (¹)
186 2252 215 2275 E.
233 2252 380 2276 voluerunt.
