1766 2856
515 247 560 279 34
871 253 1074 279 COMENTUM
1099 252 1317 278 PURGATORII

510 329 572 371 poi
592 328 754 371 parendo
782 330 876 361 [anco
901 327 1006 369 sanci,
1034 325 1080 360 illi
1113 324 1361 371 praedicantes,
1384 324 1454 366 clee,
1480 334 1587 358 senza
1615 325 1683 358 mio

514 389 688 431 [ayrimar
721 398 790 421 ηοη
821 388 882 431 sur
913 387 967 420 lor
995 387 1119 430 pianti,
1154 395 1199 420 ex
1232 383 1481 429 compassione
1511 384 1685 419 innocen-

514 450 605 491 tum,
633 448 772 491 quando
791 447 977 481 Domizian
1001 447 1025 480 [ι’
1040 448 1260 490 ρθνεεῃαθῐῖθ.
1284 443 1510 479 Domitianus
1537 443 1684 489 quidem

514 510 593 552 post
619 506 800 542 Neronem
818 502 851 549 θ’
882 505 1173 551 persecutionem
1197 504 1279 540 fecit
1305 504 1340 538 in
1368 503 1590 548 christianos,
1611 504 1684 539 imo

514 565 550 600 in
570 569 709 600 tantum
731 566 896 612 flagravit
919 565 1000 600 odio
1019 565 1158 609 Christi,
1179 563 1287 609 quod,
1308 566 1398 598 teste
1421 563 1582 607 Horosio,
1603 562 1684 598 fecit

515 625 704 671 diligenter
731 626 863 671 inquiri
890 626 934 661 de
956 625 1087 671 judaeis
1113 625 1158 660 de
1183 624 1292 669 stirpe
1313 623 1438 668 David,
1458 626 1497 658 ut
1516 623 1686 668 perderet

516 696 578 721 eos
605 686 649 722 de
677 690 786 731 terra,
807 686 891 731 quia
910 685 1099 720 audiverat
1118 684 1300 719 Christum
1322 687 1447 719 natum
1475 683 1521 718 de
1546 682 1685 718 semine

515 746 638 781 David.
667 747 708 781 Et
734 746 863 791 subdit,
884 745 981 791 quod
1009 755 1080 779 non
1108 744 1225 779 solum
1245 743 1367 778 animo
1392 743 1454 778 sed
1472 753 1584 788 opere
1602 752 1686 778 suc-

516 806 630 841 currit
659 806 735 850 illis,
762 806 902 840 dicens:
931 816 948 839 e
975 808 1104 838 menlre
1130 804 1188 837 clee
1214 804 1250 838 def
1281 798 1315 837 Ιά
1345 814 1410 846 per
1442 813 1494 836 me
1524 804 1555 836 si
1579 805 1684 846 stelle,

516 865 617 910 idest,
644 865 817 909 quamdiu
838 868 961 910 postea
985 863 1094 898 vitam
1116 863 1225 897 habui
1246 862 1382 906 Romae,
1402 864 1435 896 io
1453 863 1502 905 9ῖὶ
1522 862 1687 896 sovvenm'

518 936 534 959 e
560 927 572 959 ἱ
597 926 651 959 lor
678 926 774 959 (Irim
799 925 942 958 coslumi
965 925 1021 968 fer
1048 924 1247 967 clispreyiar
1271 932 1292 955 α
1313 933 1364 956 me
1386 925 1464 956 [ulle
1486 923 1574 956 altre
1594 925 1687 966 sette,

516 984 608 1018 sicut
635 994 908 1028 saracenorum,
936 983 1168 1018 hebraeorum
1198 986 1264 1018 etc.
1282 984 1374 1016 —E
1395 983 1488 1026 pria.
1517 982 1580 1017 Hic
1607 981 1688 1017 Sta-

519 1043 588 1078 tius
615 1044 767 1079 ostendit
795 1043 940 1088 quando
967 1043 1083 1078 sactus
1110 1042 1153 1076 sit
1170 1037 1205 1085 (²)
1233 1041 1459 1086 christianus,
1488 1041 1629 1077 dicens:
1660 1044 1691 1076 E

513 1105 597 1148 pria
624 1104 692 1138 ebb'
706 1105 740 1138 io
767 1104 943 1146 baltesmo,
962 1103 1019 1138 vel
1047 1102 1202 1137 flammis
1221 1102 1276 1137 vel
1295 1112 1402 1146 aquae
1420 1096 1467 1145 β),
1487 1102 1536 1135 cle’
1550 1102 1584 1135 io
1606 1111 1690 1135 con-

517 1164 649 1197 <incessi
678 1164 691 1197 i
719 1165 813 1206 grece?
843 1164 879 1197 αἱ
907 1164 1004 1207 finmi
1035 1163 1071 1196 (Ii
1103 1162 1198 1205 Tebe,
1226 1163 1414 1205 poetando,
1449 1160 1549 1205 idest,
1585 1163 1689 1196 ante—

519 1233 629 1267 quam
658 1222 932 1268 complevissem
961 1225 1105 1257 sextum
1134 1221 1281 1265 librum,
1303 1221 1362 1255 ubi
1381 1220 1551 1266 descripsi
1568 1215 1605 1264 «ἢ
1624 1220 1689 1255 ad-

520 1285 669 1317 ventum
704 1292 911 1328 graecorum
946 1282 1041 1317 circa
1073 1281 1212 1316 Thebas
1245 1292 1329 1316 cum
1364 1284 1503 1326 septem
1540 1280 1689 1327 regibus

519 1342 602 1376 suis.
623 1342 664 1376 Et
683 1342 876 1377 confitetur
896 1342 1067 1377 vilitatem
1088 1351 1205 1386 suam,
1225 1340 1364 1376 dicens:
1385 1351 1442 1374 ma
1458 1340 1567 1385 szc’me',
1586 1340 1689 1385 idest,

519 1402 568 1436 fni
597 1402 682 1436 mihi
710 1406 745 1437 et
772 1402 905 1437 damno
934 1412 1027 1447 meo,
1057 1403 1199 1436 crt'slian
1226 1402 1353 1445 cln'uso,
1384 1400 1484 1445 idest,
1512 1400 1689 1445 occultus,

516 1472 583 1506 per
607 1472 738 1506 paura,
763 1462 854 1497 sieut
882 1465 916 1496 et
943 1461 1081 1496 Seneca
1108 1461 1202 1505 dicit,
1226 1460 1322 1505 quod
1347 1460 1429 1494 talia
1448 1459 1589 1505 sapiens
1611 1469 1691 1494 ser-

519 1521 617 1556 vabit
644 1532 716 1556 non
745 1525 932 1565 tamquam
962 1521 1033 1555 Diis
1060 1524 1176 1566 grata,
1196 1520 1256 1555 sed
1278 1525 1464 1564 tamquam
1485 1519 1595 1565 vulgo
1614 1519 1692 1564 pla-

520 1581 613 1625 cita,
642 1580 722 1615 ideo
748 1580 850 1615 dicit:
880 1582 1096 1623 lonyamenle
1123 1581 1326 1613 moslrcmclo
1350 1589 1589 1623 paycmesmo,
1618 1582 1692 1614 ter-

520 1650 605 1675 rore
632 1640 770 1684 mortis,
798 1640 882 1684 quia
911 1650 982 1674 non
1011 1639 1060 1673 sui
1089 1643 1161 1674 tam
1189 1639 1321 1674 ardens
1346 1638 1530 1673 inaniore
1548 1638 1691 1683 Christi,

520 1703 560 1734 ut
587 1704 713 1745 sponte
740 1700 901 1735 subirem
930 1699 1158 1745 supplicium,
1178 1703 1213 1734 et
1238 1698 1334 1743 quod
1363 1698 1465 1743 peius
1491 1701 1570 1733 erat
1598 1697 1692 1733 ludi—

521 1760 642 1794 brium
659 1759 865 1794 saevissimae
884 1759 998 1794 belva}
1018 1759 1229 1803 Domitiani,
1245 1758 1325 1793 ideo
1344 1769 1440 1793 nunc
1461 1759 1521 1793 luo
1541 1767 1688 1804 poenam

521 1819 677 1866 dignam.
708 1819 807 1854 Unde
841 1819 943 1854 dicit:
977 1831 993 1853 e
1027 1822 1143 1863 questa
1180 1820 1371 1862 lepidam,
1406 1818 1505 1862 idest,
1541 1817 1690 1862 accidia,

522 1881 568 1913 mi
590 1882 625 1924 se
650 1881 806 1914 cerclziar
833 1881 858 1914 il
883 1883 1007 1923 quarto
1035 1880 1181 1922 cerclzio,
1206 1878 1350 1922 scilicet,
1372 1877 1584 1924 purgatorii,
1604 1887 1691 1912 cur-

522 1939 634 1974 rendo
662 1950 746 1974 cum
781 1939 977 1984 accidiosis,
1006 1936 1066 1983 ρι’ἰι
1098 1940 1186 1973 clz'z'l
1217 1942 1342 1982 quarto
1373 1942 1554 1981 ceulesmo,
1590 1937 1692 1982 idest,

523 2000 615 2034 ultra
644 1999 928 2044 quadringentos
955 2009 1079 2033 annos.

600 2061 646 2093 Tu
665 2060 809 2102 dunque.
829 2059 897 2093 Ista
918 2062 970 2093 est
990 2058 1094 2094 tertia
1114 2068 1197 2103 pars
1216 2057 1372 2103 capituli,
1393 2057 1427 2092 in
1447 2068 1519 2102 qua
1539 2059 1645 2103 poeta
1656 2052 1691 2101 ᾗ)

521 2118 674 2154 ostendit
701 2118 856 2162 qualiter
875 2118 1008 2152 Statius
1031 2117 1178 2162 inquirit
1197 2128 1217 2152 a
1238 2117 1384 2163 virgilio
1406 2116 1450 2152 de
1473 2116 1692 2162 quibusdam

582 2231 609 2261 (¹)
629 2234 680 2259 117,
700 2232 827 2256 Νοτοηυιῃ
845 2232 1021 2255 crudetissime
1039 2232 1243 2262 persecutionem
1263 2232 1331 2255 fecit.

582 2270 609 2297 (¹)
628 2270 656 2292 Ε.
675 2270 756 2293 sactus
774 2272 819 2293 ost.
1129 2269 1153 2298 (ἧ
1174 2270 1202 2292 E.
1222 2269 1260 2292 vol
1279 2276 1352 2299 aqua.

584 2307 610 2336 (⁴)
627 2308 651 2331 S.
669 2308 756 2338 scripsi
775 2309 921 2332 adventurn.
1007 2331 1015 2335 ,
1129 2307 1154 2336 (⁸)
1174 2307 1201 2331 E,
1221 2310 1295 2337 pot-ta
1313 2309 1398 2331 noster
1416 2306 1534 2331 ostendit.
