1737 2836
462 245 599 273 CANTcs
625 247 818 274 SECUNDUS.
1159 242 1227 274 339

47 318 157 364 tuitis,
187 322 223 354 et
250 319 299 354 sic
327 319 472 355 videtur
489 316 525 364 ξ’)
553 320 637 356 felix
665 332 794 357 errore
821 331 905 367 suo;
934 325 999 357 aut
1030 321 1064 356 in
1093 321 1229 358 virtute

47 378 171 424 animi,
200 389 267 415 nec
294 379 359 415 ista
387 383 441 415 est
468 380 628 426 perfecta
656 381 816 427 felicitas,
841 381 902 417 sed
921 384 976 417 est
997 381 1054 417 via
1079 381 1124 417 ad
1151 381 1228 417 feli-

49 439 205 474 citatem.
235 439 332 475 Licet
359 440 456 475 enim
485 440 635 476 felicitas
662 441 866 477 secundum
902 442 1157 488 philosophum
1185 442 1229 478 sit

48 500 212 545 operatio
239 500 395 536 hominis
429 500 630 536 secundum
666 501 840 537 virtutem
875 502 1050 548 optimam
1086 503 1121 537 in
1154 502 1228 538 vita

48 560 220 605 perfecta,
252 564 376 596 tamen
410 561 471 606 qui
504 561 707 596 secundum
742 561 915 597 virtutem
951 562 1062 598 vitam
1100 566 1227 609 agunt,

49 619 112 664 qui
139 620 260 656 felices
287 620 525 666 appellantur,
546 631 618 656 non
641 621 772 666 feliceS,
793 621 856 656 sed
883 621 1040 667 proximi
1069 623 1227 658 felicitati

48 679 189 715 dicendi
217 684 311 715 sunt.
333 681 484 727 Semper
503 681 600 716 enim
620 684 704 716 sunt
727 682 879 727 expositi
899 682 1068 728 periculis
1089 686 1124 718 et
1147 687 1228 719 ten-

49 739 246 775 tationibus
272 740 430 786 infinitis,
458 751 648 786 nunquam
684 741 803 777 securi
840 752 960 787 usque
995 742 1040 777 ad
1074 743 1225 778 exitum.

48 799 90 834 Et
117 799 201 835 dicit
236 803 424 836 notanter:
448 812 515 846 per
543 805 676 846 tempo;
699 812 764 847 per
786 802 854 837 hoc
878 802 974 837 enim
1003 802 1121 837 innuit
1145 802 1227 838 diu-

47 860 262 896 turnitatem
283 862 456 907 temporis
475 872 558 907 quae
578 862 790 907 requeritur
804 862 849 897 ad
864 862 1063 908 perfectam
1083 864 1227 909 sapien-

48 920 146 955 tiam.
176 921 244 957 Sed
272 932 294 956 o
321 922 432 967 nefas⁷
461 933 482 957 o
511 922 645 968 pudor!
674 922 779 957 hodie
807 922 899 956 fiunt
931 923 1034 968 pueri
1062 923 1226 969 magistri

48 980 84 1014 in
103 981 296 1027 theologia7
318 981 381 1027 qui
401 981 487 1017 nihil
516 985 698 1017 noverunt
718 981 783 1016 nisi
804 982 996 1027 sophistice
1022 983 1225 1029 garrulari;

42 1044 154 1084 potete
181 1041 243 1075 ben
275 1046 411 1076 melles-e
444 1046 562 1076 vostro
594 1043 748 1085 nuriffl'O,
785 1041 886 1086 idest,
924 1042 1124 1088 ingenium,
1159 1053 1223 1088 per

47 1101 68 1134 l’
83 1101 153 1135 alto
180 1102 265 1145 sale,
284 1101 387 1146 idest,
408 1112 511 1137 mare
539 1112 716 1148 magnum
744 1102 880 1137 salsum
902 1105 937 1137 et
955 1102 1133 1148 sapidum,
1156 1113 1221 1149 per

46 1161 144 1206 quod
171 1161 364 1207 pervenire
391 1161 531 1207 possitis
558 1161 603 1196 ad
630 1165 777 1207 portum
811 1162 1049 1207 tranquillum
1077 1165 1224 1199 aeternae

46 1221 223 1257 felicitatis
250 1225 286 1257 et
312 1221 448 1268 gloriae,
467 1223 644 1257 servando
667 1223 735 1257 mio
753 1224 847 1257 solco
865 1224 1024 1266 dinanzi,
1044 1223 1145 1268 idest,
1166 1233 1225 1258 se-

46 1281 192 1327 quendo
220 1291 342 1317 meam
365 1282 473 1327 viam,
494 1292 606 1327 quam
635 1282 726 1317 facio
753 1286 849 1327 ante,
878 1284 936 1317 all’
952 1294 1063 1327 acqua
1089 1285 1148 1318 elce
1174 1285 1224 1318 ri-

46 1345 151 1376 ίονηα
177 1343 306 1386 equale.
334 1342 373 1376 In
401 1342 469 1377 hoc
497 1341 610 1388 tangit
636 1345 761 1377 actum
790 1342 891 1377 navis
916 1343 1135 1379 transeuntis
1158 1354 1224 1390 per

44 1411 159 1447 mare,
188 1412 271 1447 quae
299 1401 425 1436 scindit
452 1412 600 1446 aquam,
629 1405 665 1437 et
692 1405 816 1437 tamen
843 1413 939 1447 aqua
968 1403 1141 1438 continuo
1161 1414 1221 1439 re—

43 1462 200 1497 vertitur
227 1462 272 1497 ad
299 1462 459 1507 primum
488 1465 622 1497 statum
652 1465 687 1497 et
713 1462 973 1507 {equalitatem7
1003 1463 1088 1508 quia
1123 1463 1225 1499 navis

44 1532 117 1556 non
144 1521 314 1567 relinquit
342 1522 535 1569 vestigium
570 1522 627 1557 vel
661 1521 857 1557 scissuram
892 1522 927 1556 in
962 1533 1071 1568 aqua,
1100 1527 1139 1558 ut
1174 1523 1225 1558 ait

44 1581 226 1617 Salomon.
256 1581 320 1617 Vel
347 1582 403 1617 dic
429 1581 527 1627 quod
547 1584 655 1617 autor
677 1581 804 1616 habuit
827 1586 1034 1628 respectum
1055 1583 1099 1618 ad
1120 1593 1224 1619 mare

44 1641 141 1687 quod
169 1641 298 1677 crescit
326 1645 362 1677 et
387 1641 563 1678 decrescit
582 1641 681 1676 omni
700 1641 767 1687 die,
788 1645 823 1677 et
843 1642 924 1677 facit
946 1642 1088 1677 fluxum
1109 1646 1144 1678 et
1164 1653 1224 1678 re-

44 1702 199 1747 fluxum,
226 1705 262 1737 et
288 1712 434 1748 semper
461 1704 627 1738 remanet
655 1701 805 1747 aequalis
837 1712 933 1747 aqua
961 1702 1050 1748 eius7
1079 1706 1115 1738 et
1144 1703 1223 1738 talis

44 1765 143 1797 recte
170 1765 224 1797 est
250 1761 316 1797 ista
342 1761 461 1796 divina
496 1761 654 1796 scientia.
683 1761 726 1796 Et
756 1761 813 1797 hic
849 1765 934 1797 nota
970 1763 1067 1808 quod
1101 1762 1223 1798 audivi

44 1832 221 1868 magnum
237 1821 450 1867 theologum
466 1820 715 1867 indignantem
732 1821 876 1867 publice
890 1821 935 1858 de
954 1832 998 1857 eo
1013 1823 1111 1867 quod
1126 1823 1223 1858 Dan-

44 1885 97 1917 tes
124 1881 181 1916 hic
207 1881 300 1916 dicit.
329 1881 478 1916 Dicebat
505 1880 622 1916 enim:
642 1881 687 1916 ad
707 1881 793 1926 quid
812 1881 929 1917 debeo
956 1883 1059 1927 sequi
1087 1882 1223 1917 doctri-

42 1951 127 1976 nam
156 1941 258 1976 istius
284 1941 377 1986 libri,
396 1940 432 1975 in
455 1951 528 1986 quo
555 1944 609 1975 est
637 1940 778 1976 modica
807 1941 1015 1987 theologia?
1042 1942 1084 1977 Et
1111 1952 1222 1988 expo-

42 2001 151 2037 nebat
177 2001 274 2046 quod
302 2001 368 2036 ista
387 2000 490 2037 litera
510 2000 617 2036 debet
637 2000 784 2047 intelligi
805 2001 839 2035 in
860 2012 1016 2046 persona
1036 2002 1221 2048 Beatricis⁷

40 2060 85 2096 de
112 2071 185 2106 quo
213 2061 371 2095 multum
400 2060 471 2095 risi.
501 2060 587 2095 Dico
615 2069 704 2106 ergo
727 2060 824 2104 quod
849 2064 955 2106 poeta
974 2057 1008 2105 (⁴³)
1034 2061 1126 2097 bene
1153 2073 1219 2108 po-

42 2121 109 2156 tuit
136 2121 289 2157 invitare
316 2124 351 2156 et
378 2120 542 2156 invitavit
569 2120 666 2155 viros
693 2120 930 2165 peritissimos
956 2122 1147 2168 theologia}
1174 2122 1220 2158 ad

42 2181 255 2216 imitandum
285 2192 335 2226 se,
363 2181 448 2226 quia
475 2181 557 2216 licet
577 2190 649 2216 non
668 2180 711 2215 sit
734 2191 868 2227 magna
888 2182 1071 2228 theologia
1097 2182 1132 2217 in
1152 2183 1220 2219 hoc

106 2311 129 2340 (¹)
148 2311 177 2334 Ε.
196 2311 295 2334 videtur
312 2311 358 2334 sibi
377 2311 444 2335 felix.
604 2309 631 2341 (²)
650 2310 678 2334 E.
697 2314 770 2341 poeta
789 2314 876 2335 noster
894 2312 968 2335 bene.
