<?xml version="1.0" encoding="UTF-8"?>
<!DOCTYPE html PUBLIC "-//W3C//DTD XHTML 1.0 Transitional//EN"
    "http://www.w3.org/TR/xhtml1/DTD/xhtml1-transitional.dtd">
<html xmlns="http://www.w3.org/1999/xhtml" xml:lang="en" lang="en">
 <head>
  <title>
</title>
<meta http-equiv="Content-Type" content="text/html;charset=utf-8" />
  <meta name='ocr-system' content='tesseract 3.04.00' />
  <meta name='ocr-capabilities' content='ocr_page ocr_carea ocr_par ocr_line ocrx_word'/>
</head>
<body>
  <div class='ocr_page' id='page_1' title='image "./comentumsuperdan04benvuoft_0375.png"; bbox 0 0 1737 2836; ppageno 0'>
   <div class='ocr_carea' id='block_1_1' title="bbox 457 247 1225 280">
    <p class='ocr_par' dir='ltr' id='par_1_1' title="bbox 457 247 1225 280">
     <span class='ocr_line' id='line_1_1' title="bbox 457 247 1225 280; baseline 0.001 -2"><span class='ocrx_word' id='word_1_1' title='bbox 457 253 595 279; x_wconf 70' lang='lat' dir='ltr'>CANTLs</span> <span class='ocrx_word' id='word_1_2' title='bbox 622 253 814 279; x_wconf 72' lang='lat' dir='ltr'><strong>SECUNDUS.</strong></span> <span class='ocrx_word' id='word_1_3' title='bbox 1156 247 1225 280; x_wconf 75' lang='lat'>355</span> 
     </span>
    </p>
   </div>
   <div class='ocr_carea' id='block_1_2' title="bbox 45 324 1236 2170">
    <p class='ocr_par' dir='ltr' id='par_1_2' title="bbox 45 324 1236 2170">
     <span class='ocr_line' id='line_1_2' title="bbox 45 324 1222 372; baseline 0.001 -13"><span class='ocrx_word' id='word_1_4' title='bbox 45 324 163 369; x_wconf 92' lang='lat' dir='ltr'>modo,</span> <span class='ocrx_word' id='word_1_5' title='bbox 192 335 275 369; x_wconf 58' lang='lat' dir='ltr'>quac</span> <span class='ocrx_word' id='word_1_6' title='bbox 304 328 429 360; x_wconf 85' lang='lat' dir='ltr'>tamen</span> <span class='ocrx_word' id='word_1_7' title='bbox 456 328 649 370; x_wconf 87' lang='lat' dir='ltr'>reputatur</span> <span class='ocrx_word' id='word_1_8' title='bbox 672 335 760 361; x_wconf 84' lang='lat' dir='ltr'>vera</span> <span class='ocrx_word' id='word_1_9' title='bbox 785 336 807 361; x_wconf 90' lang='lat' dir='ltr'>a</span> <span class='ocrx_word' id='word_1_10' title='bbox 828 325 969 372; x_wconf 81' lang='lat' dir='ltr'>magnis</span> <span class='ocrx_word' id='word_1_11' title='bbox 988 325 1222 372; x_wconf 79' lang='lat' dir='ltr'>sapientibus,</span> 
     </span>
     <span class='ocr_line' id='line_1_3' title="bbox 45 383 1225 432; baseline 0.003 -14"><span class='ocrx_word' id='word_1_12' title='bbox 45 383 194 419; x_wconf 82' lang='lat' dir='ltr'>intendit</span> <span class='ocrx_word' id='word_1_13' title='bbox 209 384 392 420; x_wconf 76' lang='lat' dir='ltr'>adducere</span> <span class='ocrx_word' id='word_1_14' title='bbox 404 395 530 420; x_wconf 84' lang='lat' dir='ltr'>veram</span> <span class='ocrx_word' id='word_1_15' title='bbox 547 385 726 420; x_wconf 91' lang='lat' dir='ltr'>rationem</span> <span class='ocrx_word' id='word_1_16' title='bbox 743 385 852 420; x_wconf 88' lang='lat' dir='ltr'>huius</span> <span class='ocrx_word' id='word_1_17' title='bbox 868 386 1039 421; x_wconf 82' lang='lat' dir='ltr'>maculae:</span> <span class='ocrx_word' id='word_1_18' title='bbox 1055 390 1091 421; x_wconf 90' lang='lat' dir='ltr'>et</span> <span class='ocrx_word' id='word_1_19' title='bbox 1107 385 1225 432; x_wconf 90' lang='lat' dir='ltr'>primo</span> 
     </span>
     <span class='ocr_line' id='line_1_4' title="bbox 46 443 1226 482; baseline 0.002 -3"><span class='ocrx_word' id='word_1_20' title='bbox 46 443 160 479; x_wconf 82' lang='lat' dir='ltr'>reddit</span> <span class='ocrx_word' id='word_1_21' title='bbox 188 448 357 480; x_wconf 87' lang='lat' dir='ltr'>autorem</span> <span class='ocrx_word' id='word_1_22' title='bbox 385 448 567 480; x_wconf 87' lang='lat' dir='ltr'>attentum</span> <span class='ocrx_word' id='word_1_23' title='bbox 595 445 753 481; x_wconf 83' lang='lat' dir='ltr'>offerens</span> <span class='ocrx_word' id='word_1_24' title='bbox 771 456 810 481; x_wconf 84' lang='lat' dir='ltr'>se</span> <span class='ocrx_word' id='word_1_25' title='bbox 828 450 1061 481; x_wconf 78' lang='lat' dir='ltr'>ostensuram</span> <span class='ocrx_word' id='word_1_26' title='bbox 1090 446 1226 482; x_wconf 71' lang='lat' dir='ltr'>verita-</span> 
     </span>
     <span class='ocr_line' id='line_1_5' title="bbox 47 505 1226 551; baseline 0.001 -12"><span class='ocrx_word' id='word_1_27' title='bbox 47 506 121 539; x_wconf 88' lang='lat' dir='ltr'>tem</span> <span class='ocrx_word' id='word_1_28' title='bbox 150 505 201 540; x_wconf 83' lang='lat' dir='ltr'>rei</span> <span class='ocrx_word' id='word_1_29' title='bbox 230 516 294 551; x_wconf 88' lang='lat' dir='ltr'>per</span> <span class='ocrx_word' id='word_1_30' title='bbox 322 505 634 551; x_wconf 80' lang='lat' dir='ltr'>comparationem</span> <span class='ocrx_word' id='word_1_31' title='bbox 668 505 826 550; x_wconf 70' lang='lat' dir='ltr'>claram,</span> <span class='ocrx_word' id='word_1_32' title='bbox 862 508 898 540; x_wconf 92' lang='lat' dir='ltr'>et</span> <span class='ocrx_word' id='word_1_33' title='bbox 931 505 1015 541; x_wconf 83' lang='lat' dir='ltr'>dicit</span> <span class='ocrx_word' id='word_1_34' title='bbox 1051 506 1226 551; x_wconf 75' lang='lat' dir='ltr'>breviter,</span> 
     </span>
     <span class='ocr_line' id='line_1_6' title="bbox 47 564 1228 611; baseline 0.002 -12"><span class='ocrx_word' id='word_1_35' title='bbox 47 564 145 608; x_wconf 85' lang='lat' dir='ltr'>quod</span> <span class='ocrx_word' id='word_1_36' title='bbox 172 565 265 600; x_wconf 83' lang='lat' dir='ltr'>sicut</span> <span class='ocrx_word' id='word_1_37' title='bbox 292 565 345 600; x_wconf 89' lang='lat' dir='ltr'>sol</span> <span class='ocrx_word' id='word_1_38' title='bbox 373 564 479 600; x_wconf 89' lang='lat' dir='ltr'>radiis</span> <span class='ocrx_word' id='word_1_39' title='bbox 506 565 580 599; x_wconf 88' lang='lat' dir='ltr'>suis</span> <span class='ocrx_word' id='word_1_40' title='bbox 609 565 757 600; x_wconf 70' lang='lat' dir='ltr'>resolvit</span> <span class='ocrx_word' id='word_1_41' title='bbox 785 565 919 610; x_wconf 72' lang='lat' dir='ltr'>nivem,</span> <span class='ocrx_word' id='word_1_42' title='bbox 939 565 986 600; x_wconf 85' lang='lat' dir='ltr'>ita</span> <span class='ocrx_word' id='word_1_43' title='bbox 1009 566 1106 610; x_wconf 88' lang='lat' dir='ltr'>quod</span> <span class='ocrx_word' id='word_1_44' title='bbox 1130 577 1228 611; x_wconf 84' lang='lat' dir='ltr'>aqua</span> 
     </span>
     <span class='ocr_line' id='line_1_7' title="bbox 48 624 1229 670; baseline 0.003 -12"><span class='ocrx_word' id='word_1_45' title='bbox 48 627 213 659; x_wconf 80' lang='lat' dir='ltr'>remanet</span> <span class='ocrx_word' id='word_1_46' title='bbox 242 625 378 660; x_wconf 87' lang='lat' dir='ltr'>nudata</span> <span class='ocrx_word' id='word_1_47' title='bbox 405 624 503 660; x_wconf 89' lang='lat' dir='ltr'>omni</span> <span class='ocrx_word' id='word_1_48' title='bbox 533 624 707 670; x_wconf 84' lang='lat' dir='ltr'>qualitate</span> <span class='ocrx_word' id='word_1_49' title='bbox 735 624 864 670; x_wconf 87' lang='lat' dir='ltr'>prima,</span> <span class='ocrx_word' id='word_1_50' title='bbox 893 624 941 660; x_wconf 86' lang='lat' dir='ltr'>ita</span> <span class='ocrx_word' id='word_1_51' title='bbox 974 625 1050 670; x_wconf 84' lang='lat' dir='ltr'>ipsa</span> <span class='ocrx_word' id='word_1_52' title='bbox 1078 626 1229 661; x_wconf 88' lang='lat' dir='ltr'>rationi-</span> 
     </span>
     <span class='ocr_line' id='line_1_8' title="bbox 48 683 1226 722; baseline 0.002 -3"><span class='ocrx_word' id='word_1_53' title='bbox 48 683 117 718; x_wconf 85' lang='lat' dir='ltr'>bus</span> <span class='ocrx_word' id='word_1_54' title='bbox 144 684 217 720; x_wconf 86' lang='lat' dir='ltr'>suis</span> <span class='ocrx_word' id='word_1_55' title='bbox 244 695 398 720; x_wconf 78' lang='lat' dir='ltr'>excussa</span> <span class='ocrx_word' id='word_1_56' title='bbox 426 685 524 720; x_wconf 88' lang='lat' dir='ltr'>nube</span> <span class='ocrx_word' id='word_1_57' title='bbox 552 684 596 720; x_wconf 88' lang='lat' dir='ltr'>de</span> <span class='ocrx_word' id='word_1_58' title='bbox 623 688 746 720; x_wconf 90' lang='lat' dir='ltr'>mente</span> <span class='ocrx_word' id='word_1_59' title='bbox 764 685 903 720; x_wconf 85' lang='lat' dir='ltr'>autoris</span> <span class='ocrx_word' id='word_1_60' title='bbox 931 685 1078 721; x_wconf 85' lang='lat' dir='ltr'>inducet</span> <span class='ocrx_word' id='word_1_61' title='bbox 1106 686 1226 722; x_wconf 86' lang='lat' dir='ltr'>lucem</span> 
     </span>
     <span class='ocr_line' id='line_1_9' title="bbox 50 745 1228 791; baseline 0.003 -13"><span class='ocrx_word' id='word_1_62' title='bbox 50 754 175 779; x_wconf 66' lang='lat' dir='ltr'>veram</span> <span class='ocrx_word' id='word_1_63' title='bbox 204 748 239 779; x_wconf 91' lang='lat' dir='ltr'>et</span> <span class='ocrx_word' id='word_1_64' title='bbox 266 745 416 780; x_wconf 86' lang='lat' dir='ltr'>claram.</span> <span class='ocrx_word' id='word_1_65' title='bbox 446 745 625 780; x_wconf 87' lang='lat' dir='ltr'>Construe</span> <span class='ocrx_word' id='word_1_66' title='bbox 644 745 693 780; x_wconf 86' lang='lat' dir='ltr'>sic</span> <span class='ocrx_word' id='word_1_67' title='bbox 717 745 878 781; x_wconf 86' lang='lat' dir='ltr'>literam:</span> <span class='ocrx_word' id='word_1_68' title='bbox 903 747 954 780; x_wconf 80' lang='lat' dir='ltr'>Or</span> <span class='ocrx_word' id='word_1_69' title='bbox 975 747 1088 789; x_wconf 70' lang='lat' dir='ltr'>voyle&#39;o</span> <span class='ocrx_word' id='word_1_70' title='bbox 1115 746 1228 791; x_wconf 72' lang='lat' dir='ltr'>infor-</span> 
     </span>
     <span class='ocr_line' id='line_1_10' title="bbox 49 805 1227 854; baseline 0.002 -16"><span class='ocrx_word' id='word_1_71' title='bbox 49 814 129 838; x_wconf 80' lang='lat' dir='ltr'>mar</span> <span class='ocrx_word' id='word_1_72' title='bbox 149 808 178 838; x_wconf 78' lang='lat' dir='ltr'>{e</span> <span class='ocrx_word' id='word_1_73' title='bbox 197 806 273 839; x_wconf 77' lang='lat' dir='ltr'>nell&#39;</span> <span class='ocrx_word' id='word_1_74' title='bbox 289 807 446 839; x_wconf 76' lang='lat' dir='ltr'>intellello</span> <span class='ocrx_word' id='word_1_75' title='bbox 473 806 620 847; x_wconf 76' lang='lat' dir='ltr'>rimaso,</span> <span class='ocrx_word' id='word_1_76' title='bbox 640 805 785 854; x_wconf 83' lang='lat' dir='ltr'>scilicet,</span> <span class='ocrx_word' id='word_1_77' title='bbox 807 805 854 840; x_wconf 84' lang='lat' dir='ltr'>ab</span> <span class='ocrx_word' id='word_1_78' title='bbox 879 815 1007 840; x_wconf 89' lang='lat' dir='ltr'>errore</span> <span class='ocrx_word' id='word_1_79' title='bbox 1025 805 1130 841; x_wconf 67' lang='lat' dir='ltr'>(lictae</span> <span class='ocrx_word' id='word_1_80' title='bbox 1149 806 1227 852; x_wconf 89' lang='lat' dir='ltr'>opi-</span> 
     </span>
     <span class='ocr_line' id='line_1_11' title="bbox 50 861 1230 910; baseline 0.003 -13"><span class='ocrx_word' id='word_1_81' title='bbox 50 863 175 908; x_wconf 82' lang='lat' dir='ltr'>nionis,</span> <span class='ocrx_word' id='word_1_82' title='bbox 204 865 240 898; x_wconf 62' lang='lat' dir='ltr'>dc·</span> <span class='ocrx_word' id='word_1_83' title='bbox 266 866 338 899; x_wconf 76' lang='lat' dir='ltr'>luce</span> <span class='ocrx_word' id='word_1_84' title='bbox 363 861 392 899; x_wconf 72' lang='lat' dir='ltr'>sl</span> <span class='ocrx_word' id='word_1_85' title='bbox 419 867 548 909; x_wconf 44' lang='lat' dir='ltr'>&#39;rit-ace,</span> <span class='ocrx_word' id='word_1_86' title='bbox 577 865 677 909; x_wconf 78' lang='lat' dir='ltr'>idest,</span> <span class='ocrx_word' id='word_1_87' title='bbox 706 865 860 900; x_wconf 68' lang='lat' dir='ltr'>veritate</span> <span class='ocrx_word' id='word_1_88' title='bbox 888 869 961 899; x_wconf 85' lang='lat' dir='ltr'>tam</span> <span class='ocrx_word' id='word_1_89' title='bbox 992 865 1142 910; x_wconf 84' lang='lat' dir='ltr'>efficaci,</span> <span class='ocrx_word' id='word_1_90' title='bbox 1171 867 1230 901; x_wconf 79' lang='lat' dir='ltr'>che</span> 
     </span>
     <span class='ocr_line' id='line_1_12' title="bbox 49 920 1229 970; baseline 0.003 -12"><span class='ocrx_word' id='word_1_91' title='bbox 49 926 73 959; x_wconf 81' lang='grc' dir='ltr'>[ι’</span> <span class='ocrx_word' id='word_1_92' title='bbox 99 920 298 968; x_wconf 75' lang='lat' dir='ltr'>tremolerd,</span> <span class='ocrx_word' id='word_1_93' title='bbox 325 925 470 970; x_wconf 90' lang='lat' dir='ltr'>scilicet,</span> <span class='ocrx_word' id='word_1_94' title='bbox 499 925 544 960; x_wconf 85' lang='lat' dir='ltr'>ad</span> <span class='ocrx_word' id='word_1_95' title='bbox 573 925 683 960; x_wconf 83' lang='lat' dir='ltr'>instar</span> <span class='ocrx_word' id='word_1_96' title='bbox 711 925 807 970; x_wconf 80' lang='lat' dir='ltr'>solis,</span> <span class='ocrx_word' id='word_1_97' title='bbox 828 925 930 970; x_wconf 83' lang='lat' dir='ltr'>quasi</span> <span class='ocrx_word' id='word_1_98' title='bbox 962 925 1067 970; x_wconf 83' lang='lat' dir='ltr'>dicat,</span> <span class='ocrx_word' id='word_1_99' title='bbox 1094 926 1229 961; x_wconf 88' lang='lat' dir='ltr'>lucebit</span> 
     </span>
     <span class='ocr_line' id='line_1_13' title="bbox 49 981 1228 1031; baseline 0.002 -12"><span class='ocrx_word' id='word_1_100' title='bbox 49 986 84 1019; x_wconf 91' lang='lat' dir='ltr'>et</span> <span class='ocrx_word' id='word_1_101' title='bbox 110 984 320 1030; x_wconf 80' lang='lat' dir='ltr'>splendebit,</span> <span class='ocrx_word' id='word_1_102' title='bbox 340 987 395 1020; x_wconf 79' lang='lat' dir='ltr'>nel</span> <span class='ocrx_word' id='word_1_103' title='bbox 411 996 473 1020; x_wconf 76' lang='lat' dir='ltr'>suo</span> <span class='ocrx_word' id='word_1_104' title='bbox 498 989 641 1030; x_wconf 76' lang='lat' dir='ltr'>aspello,</span> <span class='ocrx_word' id='word_1_105' title='bbox 665 985 755 1020; x_wconf 84' lang='lat' dir='ltr'>idest</span> <span class='ocrx_word' id='word_1_106' title='bbox 774 981 821 1030; x_wconf 57' lang='lat' dir='ltr'>U),</span> <span class='ocrx_word' id='word_1_107' title='bbox 842 985 1064 1031; x_wconf 81' lang='lat' dir='ltr'>inspectione</span> <span class='ocrx_word' id='word_1_108' title='bbox 1084 989 1119 1021; x_wconf 89' lang='lat' dir='ltr'>et</span> <span class='ocrx_word' id='word_1_109' title='bbox 1139 996 1228 1021; x_wconf 85' lang='lat' dir='ltr'>con-</span> 
     </span>
     <span class='ocr_line' id='line_1_14' title="bbox 49 1041 1228 1089; baseline 0.002 -11"><span class='ocrx_word' id='word_1_110' title='bbox 49 1043 267 1079; x_wconf 83' lang='lat' dir='ltr'>sideratione</span> <span class='ocrx_word' id='word_1_111' title='bbox 294 1044 387 1079; x_wconf 89' lang='lat' dir='ltr'>illius</span> <span class='ocrx_word' id='word_1_112' title='bbox 414 1045 514 1089; x_wconf 85' lang='lat' dir='ltr'>lucis,</span> <span class='ocrx_word' id='word_1_113' title='bbox 543 1045 619 1080; x_wconf 87' lang='lat' dir='ltr'>sive</span> <span class='ocrx_word' id='word_1_114' title='bbox 647 1045 820 1089; x_wconf 73' lang='lat' dir='ltr'>veritatis,</span> <span class='ocrx_word' id='word_1_115' title='bbox 843 1041 913 1080; x_wconf 68' lang='lat' dir='ltr'>cosi</span> <span class='ocrx_word' id='word_1_116' title='bbox 939 1047 1072 1080; x_wconf 81' lang='lat' dir='ltr'>come&#39;l</span> <span class='ocrx_word' id='word_1_117' title='bbox 1087 1045 1228 1080; x_wconf 68' lang='lat' dir='ltr'>subiecto</span> 
     </span>
     <span class='ocr_line' id='line_1_15' title="bbox 50 1104 1229 1150; baseline 0.002 -12"><span class='ocrx_word' id='word_1_118' title='bbox 50 1105 140 1138; x_wconf 78' lang='lat' dir='ltr'>della.</span> <span class='ocrx_word' id='word_1_119' title='bbox 167 1114 261 1147; x_wconf 69' lang='lat' dir='ltr'>nece,</span> <span class='ocrx_word' id='word_1_120' title='bbox 291 1104 391 1149; x_wconf 90' lang='lat' dir='ltr'>idest,</span> <span class='ocrx_word' id='word_1_121' title='bbox 420 1115 528 1149; x_wconf 84' lang='lat' dir='ltr'>aqua,</span> <span class='ocrx_word' id='word_1_122' title='bbox 564 1106 682 1139; x_wconf 68' lang='lat' dir='ltr'>riman</span> <span class='ocrx_word' id='word_1_123' title='bbox 709 1105 816 1147; x_wconf 75' lang='lat' dir='ltr'>nude,</span> <span class='ocrx_word' id='word_1_124' title='bbox 844 1104 946 1149; x_wconf 86' lang='lat' dir='ltr'>idest,</span> <span class='ocrx_word' id='word_1_125' title='bbox 971 1105 1165 1150; x_wconf 87' lang='lat' dir='ltr'>spoliatum</span> <span class='ocrx_word' id='word_1_126' title='bbox 1193 1109 1229 1140; x_wconf 89' lang='lat' dir='ltr'>et</span> 
     </span>
     <span class='ocr_line' id='line_1_16' title="bbox 50 1164 1227 1211; baseline 0.002 -13"><span class='ocrx_word' id='word_1_127' title='bbox 50 1164 246 1210; x_wconf 74' lang='lat' dir='ltr'>privatum,</span> <span class='ocrx_word' id='word_1_128' title='bbox 273 1175 291 1198; x_wconf 86' lang='lat' dir='ltr'>e</span> <span class='ocrx_word' id='word_1_129' title='bbox 317 1165 379 1199; x_wconf 75' lang='lat' dir='ltr'>dal</span> <span class='ocrx_word' id='word_1_130' title='bbox 403 1166 519 1199; x_wconf 81' lang='lat' dir='ltr'>colore</span> <span class='ocrx_word' id='word_1_131' title='bbox 537 1175 554 1199; x_wconf 82' lang='lat' dir='ltr'>e</span> <span class='ocrx_word' id='word_1_132' title='bbox 572 1166 634 1199; x_wconf 77' lang='lat' dir='ltr'>dal</span> <span class='ocrx_word' id='word_1_133' title='bbox 650 1165 779 1210; x_wconf 75' lang='lat' dir='ltr'>sreclclo</span> <span class='ocrx_word' id='word_1_134' title='bbox 802 1166 947 1209; x_wconf 65' lang='lat' dir='ltr'>primm,</span> <span class='ocrx_word' id='word_1_135' title='bbox 970 1164 1071 1210; x_wconf 80' lang='lat' dir='ltr'>idest,</span> <span class='ocrx_word' id='word_1_136' title='bbox 1092 1165 1227 1211; x_wconf 86' lang='lat' dir='ltr'>primis.</span> 
     </span>
     <span class='ocr_line' id='line_1_17' title="bbox 50 1224 1229 1271; baseline 0.001 -12"><span class='ocrx_word' id='word_1_137' title='bbox 50 1224 125 1259; x_wconf 87' lang='lat' dir='ltr'>Hoc</span> <span class='ocrx_word' id='word_1_138' title='bbox 152 1224 295 1259; x_wconf 78' lang='lat' dir='ltr'>videtur</span> <span class='ocrx_word' id='word_1_139' title='bbox 323 1224 443 1260; x_wconf 85' lang='lat' dir='ltr'>dicere</span> <span class='ocrx_word' id='word_1_140' title='bbox 471 1224 556 1269; x_wconf 88' lang='lat' dir='ltr'>quia</span> <span class='ocrx_word' id='word_1_141' title='bbox 590 1224 651 1259; x_wconf 79' lang='lat' dir='ltr'>nix</span> <span class='ocrx_word' id='word_1_142' title='bbox 683 1228 884 1270; x_wconf 81' lang='lat' dir='ltr'>generatur</span> <span class='ocrx_word' id='word_1_143' title='bbox 916 1235 961 1260; x_wconf 79' lang='lat' dir='ltr'>ex</span> <span class='ocrx_word' id='word_1_144' title='bbox 996 1235 1133 1271; x_wconf 76' lang='lat' dir='ltr'>vapore</span> <span class='ocrx_word' id='word_1_145' title='bbox 1160 1226 1229 1260; x_wconf 88' lang='lat' dir='ltr'>hu—</span> 
     </span>
     <span class='ocr_line' id='line_1_18' title="bbox 53 1283 1232 1329; baseline 0.001 -11"><span class='ocrx_word' id='word_1_146' title='bbox 53 1283 160 1328; x_wconf 86' lang='lat' dir='ltr'>mido,</span> <span class='ocrx_word' id='word_1_147' title='bbox 183 1287 219 1319; x_wconf 88' lang='lat' dir='ltr'>et</span> <span class='ocrx_word' id='word_1_148' title='bbox 237 1284 443 1329; x_wconf 83' lang='lat' dir='ltr'>aliqualiter</span> <span class='ocrx_word' id='word_1_149' title='bbox 470 1284 584 1319; x_wconf 89' lang='lat' dir='ltr'>calido</span> <span class='ocrx_word' id='word_1_150' title='bbox 603 1287 759 1319; x_wconf 84' lang='lat' dir='ltr'>attracto</span> <span class='ocrx_word' id='word_1_151' title='bbox 781 1294 801 1318; x_wconf 85' lang='lat' dir='ltr'>a</span> <span class='ocrx_word' id='word_1_152' title='bbox 822 1284 908 1329; x_wconf 87' lang='lat' dir='ltr'>sole,</span> <span class='ocrx_word' id='word_1_153' title='bbox 929 1294 1012 1329; x_wconf 79' lang='lat' dir='ltr'>quae</span> <span class='ocrx_word' id='word_1_154' title='bbox 1032 1288 1154 1320; x_wconf 84' lang='lat' dir='ltr'>tamen</span> <span class='ocrx_word' id='word_1_155' title='bbox 1177 1288 1232 1320; x_wconf 87' lang='lat' dir='ltr'>est</span> 
     </span>
     <span class='ocr_line' id='line_1_19' title="bbox 52 1343 1229 1391; baseline 0.002 -13"><span class='ocrx_word' id='word_1_156' title='bbox 52 1343 88 1378; x_wconf 89' lang='lat' dir='ltr'>in</span> <span class='ocrx_word' id='word_1_157' title='bbox 115 1354 153 1379; x_wconf 86' lang='lat' dir='ltr'>se</span> <span class='ocrx_word' id='word_1_158' title='bbox 180 1344 318 1390; x_wconf 80' lang='lat' dir='ltr'>frigida,</span> <span class='ocrx_word' id='word_1_159' title='bbox 340 1348 464 1389; x_wconf 87' lang='lat' dir='ltr'>postea</span> <span class='ocrx_word' id='word_1_160' title='bbox 483 1344 657 1379; x_wconf 83' lang='lat' dir='ltr'>calefacta</span> <span class='ocrx_word' id='word_1_161' title='bbox 676 1355 696 1379; x_wconf 88' lang='lat' dir='ltr'>a</span> <span class='ocrx_word' id='word_1_162' title='bbox 716 1345 791 1380; x_wconf 91' lang='lat' dir='ltr'>sole</span> <span class='ocrx_word' id='word_1_163' title='bbox 812 1344 1006 1379; x_wconf 75' lang='lat' dir='ltr'>resolvitur</span> <span class='ocrx_word' id='word_1_164' title='bbox 1026 1345 1061 1379; x_wconf 93' lang='lat' dir='ltr'>in</span> <span class='ocrx_word' id='word_1_165' title='bbox 1080 1356 1229 1391; x_wconf 85' lang='lat' dir='ltr'>aquam,</span> 
     </span>
     <span class='ocr_line' id='line_1_20' title="bbox 53 1403 1231 1450; baseline 0.002 -12"><span class='ocrx_word' id='word_1_166' title='bbox 53 1406 89 1439; x_wconf 87' lang='lat' dir='ltr'>et</span> <span class='ocrx_word' id='word_1_167' title='bbox 116 1403 165 1438; x_wconf 89' lang='lat' dir='ltr'>sic</span> <span class='ocrx_word' id='word_1_168' title='bbox 192 1404 368 1449; x_wconf 87' lang='lat' dir='ltr'>spoliatur</span> <span class='ocrx_word' id='word_1_169' title='bbox 395 1403 629 1448; x_wconf 87' lang='lat' dir='ltr'>qualitatibus</span> <span class='ocrx_word' id='word_1_170' title='bbox 657 1403 793 1449; x_wconf 89' lang='lat' dir='ltr'>primis.</span> <span class='ocrx_word' id='word_1_171' title='bbox 828 1404 870 1440; x_wconf 88' lang='lat' dir='ltr'>Et</span> <span class='ocrx_word' id='word_1_172' title='bbox 901 1404 950 1439; x_wconf 88' lang='lat' dir='ltr'>sic</span> <span class='ocrx_word' id='word_1_173' title='bbox 982 1407 1080 1450; x_wconf 87' lang='lat' dir='ltr'>patet</span> <span class='ocrx_word' id='word_1_174' title='bbox 1113 1415 1231 1450; x_wconf 86' lang='lat' dir='ltr'>quan-</span> 
     </span>
     <span class='ocr_line' id='line_1_21' title="bbox 55 1464 1230 1510; baseline 0.002 -12"><span class='ocrx_word' id='word_1_175' title='bbox 55 1467 131 1498; x_wconf 91' lang='lat' dir='ltr'>tum</span> <span class='ocrx_word' id='word_1_176' title='bbox 160 1464 385 1509; x_wconf 87' lang='lat' dir='ltr'>comparatio</span> <span class='ocrx_word' id='word_1_177' title='bbox 412 1464 456 1498; x_wconf 90' lang='lat' dir='ltr'>sit</span> <span class='ocrx_word' id='word_1_178' title='bbox 483 1464 629 1510; x_wconf 81' lang='lat' dir='ltr'>propria</span> <span class='ocrx_word' id='word_1_179' title='bbox 656 1464 701 1499; x_wconf 90' lang='lat' dir='ltr'>ad</span> <span class='ocrx_word' id='word_1_180' title='bbox 724 1464 970 1510; x_wconf 87' lang='lat' dir='ltr'>propositum:</span> <span class='ocrx_word' id='word_1_181' title='bbox 991 1475 1114 1500; x_wconf 86' lang='lat' dir='ltr'>sermo</span> <span class='ocrx_word' id='word_1_182' title='bbox 1133 1465 1230 1501; x_wconf 83' lang='lat' dir='ltr'>enim</span> 
     </span>
     <span class='ocr_line' id='line_1_22' title="bbox 53 1519 1233 1571; baseline 0.002 -13"><span class='ocrx_word' id='word_1_183' title='bbox 53 1524 243 1570; x_wconf 78' lang='lat' dir='ltr'>theologiae</span> <span class='ocrx_word' id='word_1_184' title='bbox 273 1527 370 1559; x_wconf 86' lang='lat' dir='ltr'>recte</span> <span class='ocrx_word' id='word_1_185' title='bbox 397 1519 670 1568; x_wconf 44' lang='lat' dir='ltr'>assimilatur-ff]</span> <span class='ocrx_word' id='word_1_186' title='bbox 696 1524 797 1559; x_wconf 86' lang='lat' dir='ltr'>radio</span> <span class='ocrx_word' id='word_1_187' title='bbox 819 1524 921 1569; x_wconf 74' lang='lat' dir='ltr'>solis3</span> <span class='ocrx_word' id='word_1_188' title='bbox 946 1525 1043 1560; x_wconf 90' lang='lat' dir='ltr'>unde</span> <span class='ocrx_word' id='word_1_189' title='bbox 1069 1525 1105 1560; x_wconf 90' lang='lat' dir='ltr'>in</span> <span class='ocrx_word' id='word_1_190' title='bbox 1133 1526 1233 1571; x_wconf 92' lang='lat' dir='ltr'>prin-</span> 
     </span>
     <span class='ocr_line' id='line_1_23' title="bbox 54 1583 1233 1630; baseline 0.003 -12"><span class='ocrx_word' id='word_1_191' title='bbox 54 1584 146 1629; x_wconf 89' lang='lat' dir='ltr'>cipio</span> <span class='ocrx_word' id='word_1_192' title='bbox 166 1584 311 1629; x_wconf 88' lang='lat' dir='ltr'>capituli</span> <span class='ocrx_word' id='word_1_193' title='bbox 328 1583 512 1629; x_wconf 89' lang='lat' dir='ltr'>sequentis</span> <span class='ocrx_word' id='word_1_194' title='bbox 533 1587 637 1619; x_wconf 79' lang='lat' dir='ltr'>vocat</span> <span class='ocrx_word' id='word_1_195' title='bbox 658 1584 862 1619; x_wconf 86' lang='lat' dir='ltr'>Beatricem</span> <span class='ocrx_word' id='word_1_196' title='bbox 882 1585 1014 1630; x_wconf 71' lang='lat' dir='ltr'>solem3</span> <span class='ocrx_word' id='word_1_197' title='bbox 1030 1596 1127 1630; x_wconf 85' lang='lat' dir='ltr'>aqua</span> <span class='ocrx_word' id='word_1_198' title='bbox 1144 1596 1233 1622; x_wconf 92' lang='lat' dir='ltr'>vero</span> 
     </span>
     <span class='ocr_line' id='line_1_24' title="bbox 55 1644 1234 1690; baseline 0.003 -12"><span class='ocrx_word' id='word_1_199' title='bbox 55 1644 291 1690; x_wconf 86' lang='lat' dir='ltr'>susceptibilis</span> <span class='ocrx_word' id='word_1_200' title='bbox 319 1654 422 1679; x_wconf 80' lang='lat' dir='ltr'>novae</span> <span class='ocrx_word' id='word_1_201' title='bbox 450 1644 633 1689; x_wconf 85' lang='lat' dir='ltr'>qualitatis</span> <span class='ocrx_word' id='word_1_202' title='bbox 660 1644 754 1679; x_wconf 88' lang='lat' dir='ltr'>bene</span> <span class='ocrx_word' id='word_1_203' title='bbox 780 1644 960 1680; x_wconf 82' lang='lat' dir='ltr'>similatur</span> <span class='ocrx_word' id='word_1_204' title='bbox 988 1645 1101 1681; x_wconf 86' lang='lat' dir='ltr'>menti</span> <span class='ocrx_word' id='word_1_205' title='bbox 1127 1649 1234 1682; x_wconf 85' lang='lat' dir='ltr'>auto-</span> 
     </span>
     <span class='ocr_line' id='line_1_25' title="bbox 56 1704 1234 1751; baseline 0.002 -12"><span class='ocrx_word' id='word_1_206' title='bbox 56 1704 114 1739; x_wconf 86' lang='lat' dir='ltr'>ris.</span> <span class='ocrx_word' id='word_1_207' title='bbox 130 1707 336 1739; x_wconf 69' lang='lat' dir='ltr'>—Dentm</span> <span class='ocrx_word' id='word_1_208' title='bbox 365 1704 429 1739; x_wconf 86' lang='lat' dir='ltr'>Hic</span> <span class='ocrx_word' id='word_1_209' title='bbox 455 1704 601 1740; x_wconf 85' lang='lat' dir='ltr'>Beatrix</span> <span class='ocrx_word' id='word_1_210' title='bbox 625 1704 703 1739; x_wconf 81' lang='lat' dir='ltr'>vult</span> <span class='ocrx_word' id='word_1_211' title='bbox 720 1705 914 1740; x_wconf 80' lang='lat' dir='ltr'>ostendere</span> <span class='ocrx_word' id='word_1_212' title='bbox 934 1706 1148 1751; x_wconf 84' lang='lat' dir='ltr'>promissam</span> <span class='ocrx_word' id='word_1_213' title='bbox 1169 1716 1234 1742; x_wconf 91' lang='lat' dir='ltr'>ve-</span> 
     </span>
     <span class='ocr_line' id='line_1_26' title="bbox 57 1764 1235 1810; baseline 0.002 -11"><span class='ocrx_word' id='word_1_214' title='bbox 57 1764 213 1809; x_wconf 87' lang='lat' dir='ltr'>ritatem,</span> <span class='ocrx_word' id='word_1_215' title='bbox 241 1768 277 1799; x_wconf 92' lang='lat' dir='ltr'>et</span> <span class='ocrx_word' id='word_1_216' title='bbox 303 1764 472 1800; x_wconf 83' lang='lat' dir='ltr'>describit</span> <span class='ocrx_word' id='word_1_217' title='bbox 499 1764 665 1799; x_wconf 87' lang='lat' dir='ltr'>ordinem</span> <span class='ocrx_word' id='word_1_218' title='bbox 695 1775 901 1810; x_wconf 87' lang='lat' dir='ltr'>sperarum,</span> <span class='ocrx_word' id='word_1_219' title='bbox 921 1769 956 1800; x_wconf 91' lang='lat' dir='ltr'>et</span> <span class='ocrx_word' id='word_1_220' title='bbox 984 1766 1159 1801; x_wconf 87' lang='lat' dir='ltr'>virtutem</span> <span class='ocrx_word' id='word_1_221' title='bbox 1180 1766 1235 1801; x_wconf 93' lang='lat' dir='ltr'>in-</span> 
     </span>
     <span class='ocr_line' id='line_1_27' title="bbox 58 1823 1234 1871; baseline 0.003 -13"><span class='ocrx_word' id='word_1_222' title='bbox 58 1823 339 1868; x_wconf 80' lang='lat' dir='ltr'>telligentiarum</span> <span class='ocrx_word' id='word_1_223' title='bbox 369 1823 594 1858; x_wconf 88' lang='lat' dir='ltr'>moventium</span> <span class='ocrx_word' id='word_1_224' title='bbox 623 1834 694 1859; x_wconf 85' lang='lat' dir='ltr'>eas.</span> <span class='ocrx_word' id='word_1_225' title='bbox 724 1824 766 1859; x_wconf 90' lang='lat' dir='ltr'>Et</span> <span class='ocrx_word' id='word_1_226' title='bbox 791 1825 875 1870; x_wconf 85' lang='lat' dir='ltr'>qnia</span> <span class='ocrx_word' id='word_1_227' title='bbox 895 1828 970 1860; x_wconf 90' lang='lat' dir='ltr'>tota</span> <span class='ocrx_word' id='word_1_228' title='bbox 990 1825 1095 1861; x_wconf 85' lang='lat' dir='ltr'>litera</span> <span class='ocrx_word' id='word_1_229' title='bbox 1116 1836 1234 1871; x_wconf 88' lang='lat' dir='ltr'>usque</span> 
     </span>
     <span class='ocr_line' id='line_1_28' title="bbox 58 1882 1236 1929; baseline 0.002 -11"><span class='ocrx_word' id='word_1_230' title='bbox 58 1883 92 1918; x_wconf 93' lang='lat' dir='ltr'>in</span> <span class='ocrx_word' id='word_1_231' title='bbox 128 1882 236 1918; x_wconf 88' lang='lat' dir='ltr'>finem</span> <span class='ocrx_word' id='word_1_232' title='bbox 274 1882 416 1918; x_wconf 86' lang='lat' dir='ltr'>videtur</span> <span class='ocrx_word' id='word_1_233' title='bbox 452 1882 562 1927; x_wconf 87' lang='lat' dir='ltr'>fortis,</span> <span class='ocrx_word' id='word_1_234' title='bbox 600 1883 680 1918; x_wconf 94' lang='lat' dir='ltr'>ideo</span> <span class='ocrx_word' id='word_1_235' title='bbox 714 1887 812 1928; x_wconf 85' lang='lat' dir='ltr'>nota,</span> <span class='ocrx_word' id='word_1_236' title='bbox 845 1884 971 1929; x_wconf 84' lang='lat' dir='ltr'>lector,</span> <span class='ocrx_word' id='word_1_237' title='bbox 1006 1885 1105 1929; x_wconf 91' lang='lat' dir='ltr'>quod</span> <span class='ocrx_word' id='word_1_238' title='bbox 1142 1885 1236 1920; x_wconf 84' lang='lat' dir='ltr'>sicut</span> 
     </span>
     <span class='ocr_line' id='line_1_29' title="bbox 58 1942 1232 1989; baseline 0.001 -11"><span class='ocrx_word' id='word_1_239' title='bbox 58 1946 243 1978; x_wconf 83' lang='lat' dir='ltr'>ostensum</span> <span class='ocrx_word' id='word_1_240' title='bbox 272 1942 338 1977; x_wconf 88' lang='lat' dir='ltr'>fuit</span> <span class='ocrx_word' id='word_1_241' title='bbox 365 1953 474 1988; x_wconf 86' lang='lat' dir='ltr'>supra</span> <span class='ocrx_word' id='word_1_242' title='bbox 502 1943 647 1978; x_wconf 87' lang='lat' dir='ltr'>realiter</span> <span class='ocrx_word' id='word_1_243' title='bbox 675 1946 710 1978; x_wconf 89' lang='lat' dir='ltr'>et</span> <span class='ocrx_word' id='word_1_244' title='bbox 738 1953 825 1978; x_wconf 91' lang='lat' dir='ltr'>vere</span> <span class='ocrx_word' id='word_1_245' title='bbox 856 1944 1059 1979; x_wconf 86' lang='lat' dir='ltr'>secundum</span> <span class='ocrx_word' id='word_1_246' title='bbox 1091 1944 1232 1989; x_wconf 90' lang='lat' dir='ltr'>opinio-</span> 
     </span>
     <span class='ocr_line' id='line_1_30' title="bbox 58 1997 1234 2048; baseline 0.001 -10"><span class='ocrx_word' id='word_1_247' title='bbox 58 2013 141 2038; x_wconf 89' lang='lat' dir='ltr'>nem</span> <span class='ocrx_word' id='word_1_248' title='bbox 169 2002 467 2038; x_wconf 82' lang='lat' dir='ltr'>excellentiorum</span> <span class='ocrx_word' id='word_1_249' title='bbox 486 1997 536 2046; x_wconf 56' lang='grc'>(3),</span> <span class='ocrx_word' id='word_1_250' title='bbox 552 2002 666 2037; x_wconf 84' lang='lat' dir='ltr'>nubes</span> <span class='ocrx_word' id='word_1_251' title='bbox 686 2002 720 2037; x_wconf 91' lang='lat' dir='ltr'>in</span> <span class='ocrx_word' id='word_1_252' title='bbox 740 2012 895 2048; x_wconf 89' lang='lat' dir='ltr'>corpore</span> <span class='ocrx_word' id='word_1_253' title='bbox 918 2004 1014 2038; x_wconf 83' lang='lat' dir='ltr'>lunae</span> <span class='ocrx_word' id='word_1_254' title='bbox 1034 2006 1088 2038; x_wconf 88' lang='lat' dir='ltr'>est</span> <span class='ocrx_word' id='word_1_255' title='bbox 1107 2014 1128 2039; x_wconf 84' lang='lat' dir='ltr'>a</span> <span class='ocrx_word' id='word_1_256' title='bbox 1148 2014 1234 2039; x_wconf 85' lang='lat' dir='ltr'>raro</span> 
     </span>
     <span class='ocr_line' id='line_1_31' title="bbox 59 2057 1236 2108; baseline 0.001 -11"><span class='ocrx_word' id='word_1_257' title='bbox 59 2066 95 2098; x_wconf 92' lang='lat' dir='ltr'>et</span> <span class='ocrx_word' id='word_1_258' title='bbox 112 2062 223 2098; x_wconf 89' lang='lat' dir='ltr'>denso</span> <span class='ocrx_word' id='word_1_259' title='bbox 231 2075 240 2107; x_wconf 75' lang='lat'>3</span> <span class='ocrx_word' id='word_1_260' title='bbox 259 2066 381 2098; x_wconf 79' lang='lat' dir='ltr'>tamen</span> <span class='ocrx_word' id='word_1_261' title='bbox 400 2065 507 2108; x_wconf 88' lang='lat' dir='ltr'>poeta</span> <span class='ocrx_word' id='word_1_262' title='bbox 526 2065 649 2097; x_wconf 86' lang='lat' dir='ltr'>noster</span> <span class='ocrx_word' id='word_1_263' title='bbox 664 2062 721 2097; x_wconf 82' lang='lat' dir='ltr'>vel</span> <span class='ocrx_word' id='word_1_264' title='bbox 740 2062 784 2097; x_wconf 84' lang='lat' dir='ltr'>ad</span> <span class='ocrx_word' id='word_1_265' title='bbox 804 2063 1077 2098; x_wconf 85' lang='lat' dir='ltr'>excusationem</span> <span class='ocrx_word' id='word_1_266' title='bbox 1089 2057 1126 2107; x_wconf 61' lang='lat'>(4)</span> <span class='ocrx_word' id='word_1_267' title='bbox 1146 2063 1236 2099; x_wconf 87' lang='lat' dir='ltr'>alio-</span> 
     </span>
     <span class='ocr_line' id='line_1_32' title="bbox 60 2121 1235 2170; baseline 0.002 -13"><span class='ocrx_word' id='word_1_268' title='bbox 60 2133 143 2157; x_wconf 92' lang='lat' dir='ltr'>rum</span> <span class='ocrx_word' id='word_1_269' title='bbox 171 2122 227 2158; x_wconf 75' lang='lat' dir='ltr'>vel</span> <span class='ocrx_word' id='word_1_270' title='bbox 254 2122 299 2157; x_wconf 88' lang='lat' dir='ltr'>ad</span> <span class='ocrx_word' id='word_1_271' title='bbox 325 2122 604 2158; x_wconf 86' lang='lat' dir='ltr'>ostentationem</span> <span class='ocrx_word' id='word_1_272' title='bbox 632 2121 687 2156; x_wconf 88' lang='lat' dir='ltr'>sui</span> <span class='ocrx_word' id='word_1_273' title='bbox 713 2122 968 2168; x_wconf 82' lang='lat' dir='ltr'>superinduxit</span> <span class='ocrx_word' id='word_1_274' title='bbox 995 2133 1128 2158; x_wconf 87' lang='lat' dir='ltr'>novam</span> <span class='ocrx_word' id='word_1_275' title='bbox 1156 2124 1235 2170; x_wconf 93' lang='lat' dir='ltr'>opi-</span> 
     </span>
    </p>
   </div>
   <div class='ocr_carea' id='block_1_3' title="bbox 124 2271 1031 2339">
    <p class='ocr_par' dir='ltr' id='par_1_3' title="bbox 124 2271 1031 2339">
     <span class='ocr_line' id='line_1_33' title="bbox 124 2271 1008 2302; baseline 0.001 -8"><span class='ocrx_word' id='word_1_276' title='bbox 124 2271 149 2300; x_wconf 90' lang='lat'>(¹)</span> <span class='ocrx_word' id='word_1_277' title='bbox 167 2271 196 2294; x_wconf 86' lang='lat' dir='ltr'>E.</span> <span class='ocrx_word' id='word_1_278' title='bbox 214 2271 320 2299; x_wconf 82' lang='lat' dir='ltr'>scilicet,</span> <span class='ocrx_word' id='word_1_279' title='bbox 338 2271 363 2294; x_wconf 92' lang='lat' dir='ltr'>in</span> <span class='ocrx_word' id='word_1_280' title='bbox 380 2271 544 2301; x_wconf 84' lang='lat' dir='ltr'>inspectione.</span> <span class='ocrx_word' id='word_1_281' title='bbox 748 2271 774 2300; x_wconf 80' lang='lat'>(²)</span> <span class='ocrx_word' id='word_1_282' title='bbox 792 2273 814 2298; x_wconf 61' lang='lat' dir='ltr'>ln,</span> <span class='ocrx_word' id='word_1_283' title='bbox 833 2272 1008 2302; x_wconf 85' lang='lat' dir='ltr'>appropiatur.</span> 
     </span>
     <span class='ocr_line' id='line_1_34' title="bbox 125 2308 1031 2339; baseline 0.002 -7"><span class='ocrx_word' id='word_1_284' title='bbox 125 2308 150 2338; x_wconf 71' lang='lat'>(³)</span> <span class='ocrx_word' id='word_1_285' title='bbox 168 2308 197 2332; x_wconf 91' lang='lat' dir='ltr'>E.</span> <span class='ocrx_word' id='word_1_286' title='bbox 215 2309 500 2333; x_wconf 81' lang='lat' dir='ltr'>excellentissimorum.</span> <span class='ocrx_word' id='word_1_287' title='bbox 751 2309 776 2339; x_wconf 81' lang='lat'>(⁴)</span> <span class='ocrx_word' id='word_1_288' title='bbox 795 2310 824 2333; x_wconf 90' lang='lat' dir='ltr'>E.</span> <span class='ocrx_word' id='word_1_289' title='bbox 843 2310 1031 2334; x_wconf 82' lang='lat' dir='ltr'>excitationem.</span> 
     </span>
    </p>
   </div>
  </div>
 </body>
</html>
