1737 2836
359 232 498 258 CANTUS
525 233 738 259 TRIGEslMUS
764 234 926 260 TERTlus.
1153 228 1221 260 269

51 307 129 339 tutte
147 314 164 338 e
181 307 273 346 selle,
294 304 386 339 sicut
406 304 600 350 magnifica
620 305 765 341 domina
785 306 970 352 praemittit
988 306 1052 341 sibi
1077 307 1221 352 pulcras

48 363 186 409 puellas
214 364 359 408 qnando
385 364 522 399 accedit
548 365 593 399 ad
622 365 742 400 locum
764 367 968 411 honestum,
988 378 1006 401 e
1032 377 1142 401 mosse
1169 377 1221 401 me

47 425 138 468 dopo
173 434 221 466 se,
249 424 393 468 scilicet,
423 427 462 458 ut
496 429 716 469 sequeretur
749 436 843 471 eam,
876 428 950 461 solo
981 427 1220 469 αεσθηηαηάο,

47 483 148 528 idest,
175 484 252 519 solo
280 488 369 518 nutu
398 484 481 528 oris,
511 494 582 519 non
610 485 723 520 verbo
752 486 893 520 vocavit
923 497 981 522 me
1010 491 1088 532 post
1107 497 1156 531 se,
1175 486 1220 522 (le

47 553 121 588 quo
148 543 331 588 potissime
363 553 492 578 curam
520 544 682 589 gerebat,
711 555 728 579 e
755 546 790 579 la
815 546 950 589 domm,
973 546 1117 590 scilicet,
1146 547 1219 581 Ma-

46 603 197 648 thildim,
213 614 295 648 quae
314 603 471 638 habebat
489 604 690 639 custodiam
706 605 828 650 sylvae,
843 605 936 640 sicut
955 606 1100 641 Beati-ix
1130 616 1217 640 cur—

46 673 121 707 rus,
149 674 166 697 e
195 664 220 698 il
243 665 354 707 savis),
390 663 535 708 scilicet,
567 664 733 709 Statium,
761 666 819 699 elee
853 666 989 709 rislelce,
1026 665 1219 701 recedente

45 722 213 769 Virgilio,
243 734 325 758 nam
353 723 486 758 Statius
514 727 591 769 post
618 724 766 759 exilium
797 728 847 760 tot
873 725 1094 760 saecuiornm
1119 735 1217 760 nnnc

45 783 185 822 redibat
205 783 238 818 in
258 783 423 829 patriam.
444 784 485 818 Et
505 783 624 819 subdit
643 784 826 829 quomodo
845 785 1051 820 invitaverit
1066 782 1100 829 (²)
1131 796 1216 820 enm

45 843 247 888 specialiter
281 843 326 878 ad
362 843 586 888 loquendum
621 854 759 888 secum,
795 844 916 879 dicens
947 844 1215 880 continuative:

44 899 113 937 cosi
139 914 197 937 sen
224 904 319 946 yz'ca,
344 903 400 938 illa
424 903 567 938 Boatrix
587 914 672 938 cum
695 904 761 938 iilis
781 904 1068 949 praecedentibus
1091 909 1126 939 et
1150 915 1216 939 no-

43 962 96 997 bis
122 963 370 1008 sequentibus,
402 974 420 997 e
459 974 528 997 non
559 965 663 998 credo
697 965 754 998 che
788 965 820 998 lo
852 965 982 998 decimo
1012 975 1075 998 suo
1104 975 1216 1009 passo

39 1025 132 1067 fosse
158 1024 193 1057 in
221 1027 317 1057 {erra
346 1027 461 1067 posto,
491 1023 593 1068 quasi
621 1023 726 1067 dicat,
759 1027 793 1058 et
825 1024 1009 1059 modicum
1042 1025 1212 1060 ambula-

42 1086 144 1117 verat
172 1085 362 1127 postquam
392 1086 592 1118 recesserat
619 1094 639 1117 a
668 1083 787 1128 planta
810 1083 916 1128 juxta
952 1094 1064 1129 qnam
1093 1085 1211 1130 primo

40 1142 198 1187 sedebat,
213 1144 354 1187 quando
373 1144 420 1177 mi
434 1154 595 1187 percosse
608 1144 658 1186 ylt'
676 1144 782 1186 occlzess,
798 1143 931 1179 scilicet
952 1154 1063 1188 meos,
1080 1155 1143 1179 con
1161 1146 1210 1188 9ίὶ

40 1203 146 1245 occln',
161 1202 294 1237 scilicet
312 1202 397 1246 suis,
413 1202 516 1247 quasi
532 1202 625 1237 dicat
641 1202 737 1247 quod
758 1203 900 1238 Beatrix
917 1203 966 1238 sic
987 1204 1209 1239 ambulando

40 1261 174 1297 iterum
202 1262 401 1297 retrossexit
428 1272 466 1297 se
494 1265 529 1297 et
557 1266 647 1296 nutu
676 1266 711 1297 et
739 1262 863 1307 verbo,
884 1266 923 1297 ut
951 1263 1118 1298 redderet
1151 1273 1210 1299 me

39 1325 231 1357 attentum.
263 1322 361 1357 Unde
387 1322 489 1357 dicit:
519 1335 536 1357 ιθ
563 1324 609 1357 me?
639 1323 728 1357 disse
754 1333 818 1357 con
849 1324 1036 1367 tranquillo
1067 1327 1210 1367 aspecto,

39 1382 140 1426 idest,
161 1382 317 1427 benigno
342 1381 439 1426 visu,
462 1382 521 1416 ubi
545 1382 663 1427 primo
686 1382 876 1417 videbatur
896 1382 986 1417 irata
1006 1385 1041 1417 et
1068 1382 1210 1417 inflam—

38 1446 149 1486 mata,
169 1452 266 1476 nunc
294 1442 385 1477 sacta
413 1445 491 1476 erat
519 1442 676 1486 placata:
701 1441 757 1477 vel
777 1441 979 1477 secundum
1002 1442 1109 1477 aliam
1131 1442 1211 1477 lite-

38 1511 129 1545 ram,
166 1505 288 1535 conlra
321 1502 430 1544 quello
457 1505 599 1545 ospello,
637 1501 737 1545 idest,
777 1501 822 1536 ad
856 1502 1207 1547 contemperandum

37 1565 223 1607 aspectum
255 1561 413 1606 primum
435 1561 602 1607 rigidum,
625 1561 807 1596 narrando
837 1561 922 1596 mihi
950 1562 1143 1597 vindictam
1164 1561 1210 1597 de

37 1621 150 1666 brevi,
180 1622 253 1655 vien
274 1619 336 1665 piz'c
372 1624 471 1663 tosto,
508 1621 581 1655 ibat
616 1621 711 1656 enim
747 1624 853 1666 poeta
884 1621 1153 1666 aliquantulum
1186 1632 1207 1656 a

36 1681 143 1727 longe
169 1685 248 1726 post
274 1692 355 1716 eam
385 1691 450 1727 pro
486 1681 612 1716 maiori
648 1681 865 1725 reverentia,
895 1685 989 1715 tanco
1022 1682 1080 1715 che
1107 1684 1139 1715 m
1165 1682 1208 1715 sii

37 1741 99 1775 ben
134 1742 284 1785 dispas-lo
317 1743 366 1776 ‹th
396 1742 610 1785 ascolearmi,
647 1741 971 1786 appropinquando
1007 1741 1104 1784 mihi,
1131 1742 1206 1775 s’c‘o

30 1803 139 1847 par-lo
167 1805 249 1845 leco,
275 1801 303 1835 si
332 1812 396 1846 pro
423 1801 525 1845 qnia,
555 1811 640 1836 nam
668 1801 749 1836 volo
777 1801 897 1846 aliqua
925 1801 1046 1836 dicere
1074 1801 1134 1835 tibi
1161 1801 1206 1836 ad

36 1861 319 1897 consolationem
349 1860 399 1895 tui
427 1864 463 1895 et
489 1860 645 1895 aliorum
666 1861 862 1896 zelantium
890 1864 1023 1895 statum
1044 1860 1205 1896 ecclesiae

36 1922 110 1958 Dei.
141 1922 180 1955 Et
207 1921 303 1956 addit
331 1924 435 1966 pocta
464 1920 559 1965 quod
586 1920 729 1955 Beatrix
760 1920 883 1955 videns
907 1930 991 1955 eum
1015 1920 1133 1955 adhuc
1163 1919 1206 1954 ti—

36 1981 175 2017 midum
204 1985 239 2016 et
268 1980 416 2015 tacitum
437 1979 611 2025 praevenit
628 1979 673 2014 ad
697 1980 891 2024 petendum
915 1979 1117 2025 praestando
1139 1978 1204 2013 sibi

35 2042 248 2085 audaciam3
276 2041 371 2076 unde
398 2040 500 2075 dicit:
530 2043 565 2075 et
597 2039 654 2074 illa
682 2039 840 2084 Beatrix,
863 2040 1001 2074 clz'ssemi
1026 2040 1205 2073 siccom'io

31 2103 85 2147 sui
101 2103 228 2137 com't'o
243 2103 375 2136 (lovena
390 2111 479 2142 seco,
495 2099 598 2144 quasi
622 2099 728 2144 dicat,
749 2110 833 2134 cnm
853 2110 969 2134 essem
987 2099 1101 2134 sactus
1120 2108 1204 2144 pro-

34 2162 190 2207 pinquus
212 2161 288 2205 sibi,
308 2161 355 2196 ita
384 2160 480 2205 quod
508 2170 649 2205 possem
678 2160 770 2195 hene
794 2160 995 2206 intelligere
1015 2159 1126 2194 verba
1150 2159 1203 2193 lo-

97 2291 123 2321 (')
140 2291 169 2314 13.
187 2291 316 2321 quomodo
335 2292 456 2315 invitavit.
