1766 2856
505 237 549 267 72
868 238 1071 264 COMENTUM
1097 238 1315 263 PURGATORH

508 314 551 349 rit
577 314 671 349 filius
697 312 859 347 Ubaldini
887 311 1064 357 praedicti:
1092 314 1128 346 et
1154 311 1323 346 describit
1350 321 1435 347 eum
1456 312 1501 347 al)
1522 313 1675 359 insignio

505 373 679 420 singulari
707 382 850 419 magna}
877 370 1057 417 dignitatis
1084 381 1171 416 suae,
1199 371 1338 407 dicens:
1366 373 1425 406 che
1444 369 1597 417 pastum*
1622 375 1677 408 col

503 445 606 470 rocco
633 435 732 468 molle
758 433 874 477 qemi,-
893 431 978 477 quia
997 431 1288 478 archiepiscopus
1307 442 1487 468 ravennas
1514 438 1568 469 est
1597 444 1675 469 ma-

503 505 597 541 gnus
630 497 764 539 pastor,
801 491 862 537 qui
898 491 1007 527 habet
1040 491 1108 526 sub
1143 502 1181 527 se
1214 492 1348 527 multos
1377 493 1562 539 episcopos
1600 493 1676 529 suf-

506 555 698 601 fraganeos
732 553 778 588 ab
814 552 976 587 Arimino
1018 562 1136 597 usque
1176 552 1373 588 Parmam:
1411 559 1446 590 et
1481 553 1582 599 dicit,
1622 555 1679 588 col

504 626 608 650 rocco
614 627 628 659 ‚-
643 624 728 649 nam
744 623 829 648 cum
849 612 971 648 caeteri
991 615 1154 658 pastores
1173 613 1330 649 habeant
1349 614 1491 660 virgam
1510 617 1675 660 pastora—

506 676 576 712 lem
610 677 798 718 retortam,
831 673 897 708 iste
929 673 1039 708 habet
1073 676 1185 708 totam
1218 674 1360 721 virgam
1393 678 1531 710 rectam
1569 678 1604 710 et
1639 675 1675 710 in

504 734 715 771 summitate
735 733 928 768 rotundam
957 733 1001 768 ad
1030 733 1179 768 modum
1208 733 1348 779 calculi,
1376 734 1451 770 sive
1480 734 1676 770 rocchi.—

511 796 584 830 Vide·
610 805 747 829 messer.
776 793 839 828 Hic
867 793 994 827 ultimo
1021 796 1127 838 poeta
1162 793 1326 828 nominat
1359 794 1471 829 alium
1489 790 1524 838 (⁴)
1554 794 1673 829 virum

503 858 708 901 potente1n;
736 857 772 889 et
804 852 931 888 transit
963 852 1007 887 de
1042 853 1215 887 Ravenna
1249 853 1461 898 Forlivium,
1494 853 1555 889 ubi
1590 858 1676 889 sunt

503 915 672 950 meliores
700 916 883 959 potatores
909 915 945 948 et
973 912 1123 947 meliora
1151 913 1245 948 vina.
1274 913 1344 948 Iste
1366 914 1432 948 suit
1459 913 1587 949 nobilis
1607 914 1676 949 mi-

503 975 554 1009 les
576 974 621 1009 de
640 972 897 1019 Ariglioglosiis
914 967 949 1016 12>
976 972 1021 1007 de
1048 972 1215 1018 Forlivio,
1243 976 1346 1018 pater
1372 973 1529 1009 dominae
1556 975 1674 1019 Laetae,

504 1044 586 1079 quae
615 1033 680 1068 snit
707 1035 824 1067 mater
851 1032 987 1067 domini
1016 1032 1229 1067 Bernardini
1256 1033 1300 1068 de
1332 1034 1491 1078 Polenta‚
1519 1034 1581 1079 qui
1609 1034 1676 1069 fuit

503 1088 741 1139 Dionysiusffi)
761 1096 1016 1127 ravennatum.
1036 1092 1118 1127 Fuit
1136 1092 1203 1128 iste
1222 1093 1276 1128 vir
1295 1093 1441 1128 curialis
1459 1097 1493 1129 et
1514 1093 1675 1140 placidus

505 1154 674 1188 multum.
704 1153 804 1188 Unde
835 1162 918 1187 cum
953 1153 1064 1187 semel
1094 1152 1281 1188 adiuraret
1308 1153 1518 1199 pincernam
1547 1164 1672 1199 suum⁷

505 1217 544 1248 ut
570 1213 635 1248 sibi
663 1212 810 1257 diceret,
839 1212 924 1257 quid
951 1212 1134 1247 diceretur
1153 1212 1197 1248 de
1216 1223 1275 1258 eo3
1295 1216 1330 1248 et
1348 1213 1408 1247 illo
1428 1213 1671 1259 respondente

503 1273 659 1319 trepide:
688 1273 848 1316 Domine,
875 1273 1011 1316 (licitur,
1042 1274 1135 1316 quod
1165 1283 1352 1317 numqncmn
1382 1275 1497 1318 facilis
1527 1275 1595 1309 nisi
1621 1274 1673 1309 bi-

502 1334 600 1377 l)ere;
619 1333 705 1367 dixit
734 1332 909 1367 ridentes:
931 1335 974 1367 Ec
990 1342 1100 1376 quare
1117 1343 1305 1377 namnqnam
1323 1334 1451 1379 (licum,
1474 1335 1567 1378 quod
1583 1345 1674 1369 sem-

497 1405 564 1439 per
589 1395 694 1428 silio?
720 1393 810 1428 Dicit
836 1403 925 1439 ergo
952 1393 1159 1428 describens
1187 1403 1273 1428 eum
1293 1404 1312 1428 a
1334 1394 1481 1429 nomine
1504 1395 1671 1440 proprio:

508 1455 582 1489 Γιῗίῖι·
607 1464 735 1488 messer
762 1454 950 1487 Marcleese.
980 1453 1071 1488 Cum
1105 1456 1213 1488 autor
1248 1453 1409 1489 nominet
1437 1457 1510 1489 tam
1540 1455 1674 1490 multos

501 1514 631 1549 milites
659 1514 693 1548 in
721 1516 795 1548 toto
822 1516 991 1558 poemate
1018 1523 1096 1557 suo,
1126 1524 1328 1558 numquam
1362 1514 1445 1549 facit
1471 1514 1581 1549 istum
1609 1515 1674 1551 ho-

502 1584 629 1609 norem
645 1567 679 1617 (⁴)
701 1575 844 1616 domini,
865 1573 929 1607 nisi
949 1573 1104 1618 (luobus,
1127 1573 1260 1609 scilicet
1286 1573 1433 1609 domino
1453 1574 1606 1609 Guidoni
1628 1575 1674 1611 de

501 1634 610 1678 Fano,
643 1637 678 1668 et
713 1633 768 1667 isti
801 1633 948 1667 domino
980 1633 1189 1678 Marchesio,
1225 1634 1308 1678 qnia
1345 1634 1409 1668 snit
1447 1638 1520 1670 tam
1550 1635 1674 1671 valens

502 1693 537 1728 in
566 1693 768 1728 bibacilatc.
804 1693 846 1727 Et
872 1703 958 1728 ecce
992 1693 1200 1738 quomodo:
1233 1695 1283 1727 clt'
1298 1694 1377 1728 ebbe
1401 1696 1524 1738 spano
1550 1690 1611 1739 yid
1638 1697 1675 1730 di

501 1753 579 1788 bere
612 1764 633 1787 (ι
671 1749 777 1797 For-ll,
811 1753 895 1798 quia
930 1752 1029 1788 dives
1064 1756 1099 1788 et
1134 1755 1261 1798 potens
1294 1753 1329 1788 in
1362 1754 1475 1799 patria
1504 1765 1581 1800 sua,
1610 1755 1672 1790 ubi

500 1816 584 1848 sunt
612 1813 696 1847 vina
724 1823 858 1858 magna
886 1816 921 1848 et
950 1812 1102 1857 fumosa,
1129 1823 1193 1847 eon
1221 1823 1298 1847 men
1328 1815 1525 1858 set-cleezza,
1559 1825 1671 1860 quam

501 1872 620 1917 modo7
648 1873 733 1917 quia
771 1876 857 1907 tnnc
893 1872 1049 1908 habebat
1076 1872 1216 1918 copiam
1245 1873 1330 1917 vini⁷
1358 1876 1393 1908 et
1425 1875 1672 1919 praeveniebat

501 1932 618 1977 sitim3
656 1943 753 1967 nunc
793 1943 881 1967 vero
922 1932 956 1967 in
993 1935 1089 1967 tanta
1129 1932 1183 1967 siti
1222 1943 1293 1968 non
1330 1936 1445 1978 potest
1465 1929 1500 1978 (⁵)
1537 1935 1672 1971 habere

503 2002 611 2026 unam
640 1995 781 2038 guttam
810 2002 927 2038 aquae.
957 1992 998 2026 Et
1024 1991 1124 2026 dicit:
1152 2003 1170 2027 e
1195 1989 1224 2027 si
1247 1995 1286 2038 su
1319 1994 1378 2037 tal,
1410 1993 1553 2039 scilicet,
1582 1994 1672 2030 bibi-

500 2054 568 2096 tor,
604 2052 662 2085 clw
700 2062 771 2086 non
809 2053 839 2087 si
876 2047 961 2086 sem}
990 2053 1104 2095 saze'o,
1144 2052 1290 2098 scilicet,
1330 2063 1505 2098 unquam.
1539 2054 1582 2089 Et
1615 2055 1671 2091 hic

501 2114 583 2145 nota
612 2110 720 2156 quod,
749 2111 840 2146 sicut
867 2112 1053 2158 eleganter
1079 2112 1163 2147 dicit
1193 2112 1338 2158 Plinius,
1371 2113 1447 2148 lncc
1478 2115 1671 2150 necessitas

561 2219 585 2247 (¹)
604 2218 633 2242 Ε.
652 2219 731 2242 alium
750 2220 799 2243 vini
819 2223 958 2249 polentem.
1218 2222 1244 2249 ζ’)
1262 2221 1291 2245 Ε.
1309 2222 1340 2245 dc
1359 2221 1529 2252 Argugliosis.

561 2257 586 2286 (⁸)
605 2258 634 2280 E.
652 2258 695 2288 qui
713 2258 761 2281 fuit
779 2258 898 2281 dominus
914 2261 1092 2282 ravennatum.

563 2296 588 2325 (⁸)
607 2296 780 2320 E.hoiioren1
799 2304 908 2323 nwssvre,
927 2297 991 2320 idest
1008 2298 1150 2326 (lominum.
1215 2299 1241 2329 (ὅ)
1259 2299 1289 2323 E.
1306 2306 1356 2323 non
1374 2302 1457 2329 potest
1475 2299 1570 2323 bibere.
