1766 2856
493 246 562 278 364
887 246 1093 273 COMENTUM
1120 245 1286 271 PARADISI

492 325 578 361 bent
604 324 765 359 colorem
794 321 895 356 velut
921 319 950 355 si
977 329 1089 365 parva
1116 319 1178 354 lux
1207 321 1418 364 penetraret
1449 318 1484 353 in
1512 317 1672 352 multum

491 385 629 428 album,
658 383 737 418 ideo
765 381 880 416 nitent
907 391 992 416 cum
1022 384 1145 415 tamen
1172 379 1241 414 sint
1260 378 1370 424 albae3
1390 378 1471 414 ideo
1490 378 1584 414 bene
1602 389 1671 414 au-

493 448 549 480 tor
575 441 786 479 assimilavit
812 442 938 477 lunam
966 440 1177 487 margaritae
1196 439 1231 474 in
1256 438 1474 484 praecedenti
1501 439 1670 485 capitulo.

492 504 733 538 —Percle'ia
762 502 826 537 Hic
852 502 985 537 Dantes
1012 500 1167 536 ostendit
1202 499 1288 545 quid
1324 502 1493 535 secutum
1526 503 1581 535 est
1607 499 1671 535 sihi

493 574 535 599 ex
569 562 779 598 huiusmodi
811 561 959 597 visione.
993 561 1035 596 Et
1066 560 1150 596 dicit
1184 559 1356 604 breviter,
1393 559 1490 604 quod
1527 569 1571 595 ex
1605 560 1673 595 hoc

494 625 568 671 ipse
595 623 747 660 incurrit
774 633 942 659 errorem
970 621 1197 657 contrarium
1231 620 1349 656 errori
1376 619 1552 655 Narcissi:
1580 620 1673 656 Nar-

494 685 607 721 cissus
630 684 727 720 enim
746 683 897 719 credidit
915 692 1019 717 suam
1040 680 1237 727 imaginem
1261 683 1499 726 apparentem
1519 679 1555 715 in
1574 680 1673 715 fonte

495 755 574 781 esse
602 754 727 779 veram
757 742 1019 786 substantiam;
1047 745 1083 777 et
1109 741 1243 776 Dantes
1263 751 1359 775 nunc
1387 750 1408 776 e
1435 743 1561 776 contra
1590 750 1672 776 cre—

493 805 601 841 debat
637 803 856 839 substantias
890 812 1008 847 veras,
1041 812 1124 847 quae
1151 801 1377 847 apparebant
1404 800 1440 835 in
1467 801 1565 846 luna,
1593 811 1672 837 esse

494 865 670 910 imagines
698 874 823 899 rerum
854 865 1202 908 repraesentatarum
1237 861 1271 896 in
1303 871 1357 897 ea.
1386 862 1429 896 Et
1455 861 1500 896 ad
1528 861 1673 907 plenam

494 923 766 970 intelligentiam
796 923 897 958 istius
921 922 1036 958 literae
1055 925 1109 957 est
1128 921 1247 968 primo
1266 921 1454 957 sciendum
1474 921 1572 967 qnod
1591 921 1674 957 Thi-

494 984 605 1019 resias
632 983 717 1018 olim
747 982 1009 1018 famosissimus
1036 993 1159 1029 augur
1184 982 1219 1017 in
1240 981 1386 1018 civitate
1407 982 1617 1017 Thebarum
1637 981 1673 1017 in

494 1044 566 1079 vita
594 1043 692 1078 visus
720 1047 773 1079 est
800 1043 888 1078 darc
922 1053 1009 1078 vera
1043 1052 1215 1088 responsa
1252 1042 1459 1088 petentibus
1491 1042 1587 1077 circa
1615 1042 1674 1077 fu-

496 1108 590 1149 tura7
619 1107 659 1138 ut
686 1106 783 1149 patet
810 1113 874 1149 per
902 1102 1057 1138 Statium
1087 1103 1121 1137 in
1149 1102 1193 1137 IV
1221 1106 1256 1138 et
1283 1102 1317 1137 in
1337 1103 1369 1137 X
1396 1102 1609 1148 Thebaidos,
1637 1106 1674 1139 et

495 1167 574 1210 post
602 1167 759 1199 mortem
788 1163 971 1207 similiter3
1002 1162 1097 1198 unde
1130 1163 1312 1198 Homerus
1340 1163 1386 1197 XI
1418 1163 1587 1209 Odysseae
1619 1163 1673 1198 in-

494 1225 593 1260 ducit
619 1224 818 1259 Tliiresiam
847 1223 882 1258 in
910 1223 1052 1259 interno
1079 1233 1165 1258 cum
1189 1234 1304 1259 aureo
1325 1227 1467 1270 sceptro
1494 1223 1529 1258 in
1559 1234 1671 1259 manu

495 1288 733 1331 apparentem
761 1283 865 1330 L'lyxi
894 1283 1093 1330 praedicere
1111 1280 1145 1328 ζ’)
1175 1284 1241 1319 sibi
1276 1284 1391 1319 multa
1419 1284 1464 1320 de
1491 1284 1672 1330 periculis,

494 1345 680 1380 laboribus
707 1347 742 1380 et
771 1347 890 1379 morte
918 1343 1006 1379 eius.
1037 1343 1151 1391 Igitur
1171 1344 1333 1390 primum
1358 1344 1568 1379 vaticinium
1589 1344 1673 1379 Thi-

496 1405 599 1440 resiae
627 1404 692 1439 suit
719 1404 763 1440 (le
782 1404 960 1449 Narcisso,
981 1404 1044 1449 qui
1064 1407 1170 1439 natus
1183 1399 1219 1448 (Ζ)
1239 1404 1275 1439 in
1296 1403 1447 1449 Graecia,
1468 1414 1560 1450 puer
1581 1404 1673 1440 mire

494 1465 687 1510 formosus,
707 1465 752 1500 de
774 1475 848 1510 quo
872 1468 990 1500 mater
1009 1465 1157 1500 nomine
1178 1464 1321 1510 Liriope
1349 1464 1531 1500 consuluit
1558 1465 1674 1511 illum²

496 1528 621 1560 utrum
652 1524 745 1559 filius
772 1527 867 1560 esset
889 1525 1054 1560 victurus
1075 1535 1191 1570 usque
1210 1525 1255 1560 ad
1276 1529 1441 1570 tempora
1459 1525 1673 1561 senectutis:

495 1585 555 1630 qui
586 1584 770 1630 respondit
796 1584 893 1629 quod
921 1584 971 1619 sic
994 1584 1021 1619 si
1043 1594 1114 1619 non
1134 1588 1374 1631 cognosceret
1394 1595 1432 1620 se
1452 1585 1581 1631 ipsum.
1603 1586 1675 1621 Re-

497 1645 640 1691 sponsio
668 1645 743 1680 visa
771 1648 824 1680 est
852 1654 945 1679 vana
973 1647 1009 1679 et
1032 1644 1104 1679 risu
1126 1644 1252 1691 digna3
1274 1648 1396 1681 tamen
1416 1649 1570 1681 eventus
1590 1655 1675 1691 pro-

495 1705 592 1740 bavit
620 1705 811 1740 veritatem
834 1704 896 1739 rei.
917 1705 1007 1739 Nam
1027 1704 1216 1739 Narcissus
1235 1704 1350 1740 sactus
1368 1705 1515 1751 juvenis
1542 1705 1674 1742 sexde-

495 1765 565 1801 cim
593 1776 776 1800 aunorum
806 1774 939 1811 magno
967 1764 1086 1799 studio
1113 1763 1222 1799 dabat
1245 1774 1395 1810 operam
1418 1765 1601 1801 venationi
1614 1760 1675 1810 (3)²

495 1825 623 1861 accidit
659 1836 748 1871 ergo
784 1825 898 1860 semel
926 1824 1023 1870 quod
1042 1818 1076 1868 ff)
1112 1824 1302 1859 Narcissus
1338 1824 1452 1860 fessus
1483 1825 1605 1861 calore
1638 1829 1675 1862 et

496 1886 621 1921 labore
648 1885 814 1932 pervenit
840 1885 885 1920 ad
913 1885 1048 1920 sontem
1070 1884 1331 1920 lucidissimum
1347 1880 1380 1929 (¹³)
1403 1885 1438 1920 in
1457 1885 1537 1921 loco
1554 1896 1672 1922 amoe-

496 1946 654 1990 nissimo‚
683 1950 719 1981 et
746 1945 921 1980 inclinans
948 1955 987 1980 se
1013 1944 1058 1980 ad
1086 1944 1222 1980 undam
1258 1945 1364 1980 sontis
1399 1945 1444 1980 ad
1475 1945 1675 1982 sedandam

495 2007 588 2042 sitim
619 2007 766 2042 invasus
793 2010 848 2042 est
873 2005 919 2041 ab
938 2005 1007 2041 alia
1034 2005 1089 2040 siti
1115 2005 1257 2051 peiore3
1279 2005 1466 2051 quoniam,
1487 2005 1562 2041 visa
1582 2006 1674 2042 ima-

493 2067 577 2113 gine
605 2078 670 2103 sua
704 2066 925 2113 pulcerrima
953 2066 988 2101 in
1024 2076 1132 2111 aqua,
1165 2069 1297 2112 putans
1332 2076 1411 2102 esse
1440 2076 1518 2102 rem
1546 2077 1673 2103 veram

495 2138 566 2162 non
595 2127 780 2173 umbram‚
799 2130 927 2173 captus
946 2129 1000 2162 est
1021 2136 1150 2162 amore
1169 2125 1236 2171 sui,
1256 2130 1292 2161 et
1310 2126 1420 2172 coepit
1439 2126 1564 2162 mirari
1584 2137 1675 2163 ocu-

495 2187 548 2222 los
575 2198 660 2221 suos
688 2187 748 2231 qui
773 2186 990 2222 videbantur
1012 2176 1085 2221 duo
1113 2185 1244 2230 sidera,
1267 2186 1414 2232 capillos
1442 2196 1588 2232 aurem,
1612 2187 1673 2233 qui

559 2279 584 2308 (¹)
605 2280 632 2302 li.
650 2282 675 2302 et
694 2280 843 2309 praedicere.
1002 2279 1028 2307 (²)
1047 2279 1077 2302 E.
1095 2282 1168 2303 natus
1185 2282 1223 2303 est
1241 2280 1275 2303 in.
1398 2278 1424 2309 (Β)
1442 2280 1471 2303 Ε.
1490 2280 1673 2304 venationibus.

559 2318 584 2347 (⁵)
603 2318 632 2340 E.
650 2318 718 2348 quod
735 2319 788 2348 ipse
807 2318 947 2342 Narcissus.
1001 2318 1026 2347 (⁵)
1045 2318 1074 2341 Ε.
1093 2318 1216 2341 lucidum.
