1766 2856
495 249 564 280 480
889 249 1093 276 COMENTUM
1119 248 1286 273 PARAnisl

493 327 582 362 vatis
617 324 817 366 amoribus,
854 322 963 367 coepit
1003 321 1147 367 publice
1188 320 1310 356 facere
1346 323 1543 365 quaestum,
1581 321 1674 356 sicut

492 389 616 432 postea
644 384 726 420 fecit
752 382 941 418 Messalina
969 380 1183 427 imperatrix
1212 390 1378 424 romana,
1406 380 1451 416 de
1482 391 1556 425 qua
1590 381 1674 416 dicit

493 444 695 480 Juvenalis:
723 447 755 478 ec
779 444 911 477 lassata
940 443 1097 485 quamvis
1123 441 1278 476 nondum
1305 441 1434 475 saciata
1460 442 1606 476 recessit.
1630 441 1673 476 Et

494 506 614 541 Venus
650 503 839 549 lupanaria
876 502 994 548 prima
1026 501 1183 546 invenit,
1217 511 1301 546 quae
1336 501 1459 536 omnia
1490 501 1675 537 credibilia

494 565 576 601 facit
604 564 719 610 turpis
746 562 974 599 consuetudo
1002 561 1227 608 cypriorum,
1256 561 1318 606 qui
1346 564 1425 606 post
1459 561 1575 596 multa
1606 571 1676 596 sae—

494 626 577 662 cula
606 624 796 660 mittebant
825 623 983 669 virgines
1009 633 1094 657 suas
1122 621 1167 657 ad
1194 622 1299 656 litora
1329 622 1439 657 maris
1467 625 1508 657 ut
1530 622 1676 657 solven-

494 690 548 722 tes
575 685 751 731 primitias
779 683 952 719 castitatis
970 682 1102 718 Veneri
1131 682 1367 727 acquirerent
1385 682 1487 718 dotes
1514 692 1559 718 ex
1587 692 1676 718 con-

494 746 620 782 cubitu
648 745 942 792 peregrinorum,
964 746 1003 778 ut
1022 743 1106 778 dicit
1124 743 1298 778 Justinus.
1318 743 1409 779 Dicit
1428 743 1537 779 etiam
1558 743 1675 779 simile

493 806 688 851 aliquando
715 805 886 840 accidisse
914 804 949 839 in
976 804 1075 839 Italia
1103 804 1201 850 apud
1228 804 1362 839 Locros
1394 803 1578 839 civitatem
1606 804 1676 840 Ca-

493 866 626 901 labriae.
655 866 708 901 Ad
737 866 879 901 literam
909 875 999 911 ergo
1031 864 1114 900 dicit
1142 868 1260 910 poeta,
1290 864 1352 909 qui
1379 864 1439 899 diu
1475 864 1542 899 suit
1569 864 1675 899 nimis

491 930 703 962 amoratus:
733 929 782 960 Lo
802 927 942 969 mondo,
966 925 1056 961 idest
1075 925 1243 960 homines
1268 924 1443 960 mundani
1461 925 1561 970 olim,
1580 926 1676 960 solea

490 989 631 1022 credere
659 988 691 1021 ῖη
719 998 781 1021 sno
798 988 945 1031 periclo,
969 996 1034 1031 pro
1054 986 1230 1032 periculo,
1250 985 1394 1030 scilicet,
1415 985 1451 1020 in
1474 985 1673 1031 perniciem

492 1047 714 1091 animarum,
743 1048 802 1081 elce
829 1048 863 1081 la
890 1047 977 1081 bella
1007 1047 1188 1090 Cipriyna,
1210 1045 1300 1081 idest
1319 1045 1453 1090 Venus,
1478 1045 1537 1081 cui
1564 1045 1674 1081 Clau-

490 1108 620 1143 dianus
654 1107 689 1142 in
722 1107 851 1142 maiori
883 1106 1053 1142 describit
1080 1106 1346 1152 pulcerrimum
1384 1106 1623 1151 viridarium3
1650 1107 1677 1141 il

489 1170 572 1213 folle
602 1179 737 1213 amore,
769 1168 862 1203 bene
894 1167 1001 1211 dicit,
1031 1177 1115 1202 nam
1144 1166 1277 1212 duplex
1307 1169 1361 1202 est
1393 1176 1511 1211 amor,
1539 1165 1673 1201 scilicet

491 1239 598 1264 amor
625 1228 805 1273 amicitiae,
834 1228 895 1273 qui
924 1230 978 1263 est
1004 1238 1110 1262 amor
1130 1226 1274 1262 virtutis
1296 1229 1445 1272 propter
1463 1227 1671 1270 honestum,

493 1292 527 1324 et
546 1299 652 1324 amor
671 1288 974 1334 concupiscentiae
1001 1287 1168 1332 lascivus,
1190 1287 1252 1332 qui
1272 1289 1325 1322 est
1344 1290 1493 1332 propter
1515 1287 1674 1322 delecta-

491 1349 577 1393 bile3
608 1352 642 1384 et
669 1349 713 1384 de
740 1349 801 1384 tali
829 1349 993 1394 loquitur
1020 1352 1129 1383 autor
1157 1347 1225 1392 liic,
1254 1347 1340 1392 quia
1367 1350 1420 1383 est
1448 1346 1674 1393 perniciosus

490 1413 598 1445 autor
622 1410 825 1444 multorum
853 1413 888 1444 et
918 1419 1139 1455 magnorum
1156 1405 1189 1451 ρ’)
1214 1408 1413 1452 malorum:
1434 1407 1478 1443 de
1498 1417 1572 1453 quo
1590 1407 1672 1442 Vir—

489 1470 596 1516 gilius
624 1473 729 1515 poeta
757 1480 951 1505 amorosus
978 1469 1077 1514 dicit,
1107 1468 1204 1514 quod
1232 1467 1390 1503 crudelis
1418 1478 1524 1503 amor
1550 1467 1674 1503 docuit

491 1533 648 1565 matrem
677 1531 865 1566 maculare
893 1541 1026 1565 manus
1053 1529 1233 1576 sanguine
1262 1528 1440 1573 filiorum3
1472 1530 1671 1573 rayyz'asse,

490 1590 590 1635 idest,
623 1591 804 1635 inssueret,
840 1592 932 1625 volta
966 1592 1023 1626 nel
1055 1595 1152 1625 terzo
1185 1591 1337 1634 epicteto,
1372 1589 1473 1634 idest,
1502 1589 1539 1624 111
1565 1588 1673 1624 tertio

490 1651 584 1686 coelo
611 1651 687 1686 sive
714 1651 827 1695 orbe,
847 1654 883 1686 et
907 1650 1054 1695 ponitur
1073 1660 1155 1695 pars
1175 1660 1241 1694 pro
1261 1652 1347 1684 toto.
1367 1649 1557 1694 Epicyclus
1575 1648 1672 1684 enim

492 1714 645 1745 vocatur
664 1710 710 1745 ab
728 1710 920 1757 astrologis
939 1710 1111 1754 circulus,
1127 1720 1238 1754 quem
1259 1709 1403 1754 planeta
1424 1708 1507 1744 facit
1526 1708 1673 1754 quando

491 1773 545 1805 est
581 1770 828 1816 retrogradus.
867 1770 909 1804 Et
945 1773 1028 1805 nota
1057 1769 1155 1815 quod
1191 1768 1312 1804 caeteri
1348 1768 1502 1814 planetae
1538 1769 1673 1804 habent

491 1841 599 1865 suum
629 1831 830 1876 epicyclum
861 1833 994 1876 praeter
1022 1830 1148 1875 solem,
1174 1829 1235 1875 qui
1264 1829 1345 1865 ideo
1373 1833 1473 1865 caret
1500 1829 1672 1875 epicyclo,

491 1891 576 1936 quia
604 1901 688 1926 cum
718 1894 813 1926 esset
841 1890 1078 1937 retrogradus
1106 1890 1297 1936 impediret
1324 1889 1615 1936 generationem,
1637 1892 1672 1924 et

491 1951 586 1986 male
612 1950 819 1996 disponeret
846 1951 948 1986 nobis
976 1950 1063 1995 dieS,
1092 1960 1236 1986 menses
1264 1953 1299 1985 et
1330 1960 1455 1985 annos.
1489 1950 1530 1984 Et
1551 1949 1673 1984 subdit

490 2011 675 2056 quomodo
704 2021 747 2046 ex
777 2011 845 2046 hoc
872 2011 1159 2058 singularissime
1188 2011 1463 2046 honoraverunt
1485 2020 1566 2045 eam
1595 2009 1672 2045 dei-

489 2076 599 2107 tatem
628 2072 737 2107 etiam
766 2071 801 2106 in
830 2081 984 2117 persona
1014 2071 1140 2107 matris
1162 2075 1198 2107 et
1221 2071 1293 2115 filii,
1312 2070 1458 2106 dicens:
1491 2068 1617 2114 perche*
1642 2071 1671 2105 le

488 2135 580 2176 (Jenn'
605 2134 751 2176 antiche,
779 2132 881 2177 idest,
908 2133 1048 2178 antiqui
1075 2132 1240 2179 gentileS,
1263 2134 1298 2167 et
1329 2131 1447 2177 primo
1475 2134 1510 2166 et
1538 2130 1670 2177 princi-

489 2193 616 2237 paliter
644 2192 817 2238 cypriani,
837 2193 898 2237 qui
923 2193 1033 2228 etiam
1056 2193 1232 2228 hodierna
1259 2192 1316 2228 die
1344 2192 1428 2228 satis
1456 2190 1669 2227 00111111Υο-

551 2322 577 2350 (¹)
596 2322 625 2345 E.
644 2322 780 2345 maiorum.
