1766 2856
519 256 587 286 410
911 258 1114 283 COMENTUM
1141 258 1305 283 PARADlsi

515 343 709 369 cursuram
742 331 826 376 sibi,
858 334 894 366 et
929 341 1014 366 cum
1044 330 1161 376 primo
1195 330 1288 365 filius
1315 330 1533 367 occurrisset
1565 331 1690 367 volens

515 394 631 439 ipsum
660 391 853 426 immolare
880 391 1005 436 pulsus
1032 393 1086 426 est
1113 401 1133 425 a
1161 390 1388 426 cretensibus
1420 391 1464 426 de
1496 391 1620 436 patria.
1648 391 1692 426 Et

514 454 570 488 hic
602 455 685 487 nota
714 451 813 496 quod
840 451 1094 497 Agamemnon
1128 454 1245 496 potest
1278 451 1392 486 videri
1425 451 1691 486 infelicissimus

514 512 724 556 hominum3
753 521 837 546 nam
870 511 932 556 qui
963 511 1035 546 dux
1071 514 1121 546 tot
1153 521 1285 557 regum
1321 514 1547 546 mactaverat
1580 510 1688 546 filiam

513 572 712 619 propriam,
741 575 777 607 et
806 574 858 606 tot
884 571 1072 606 laboribus
1097 575 1132 606 et
1151 571 1357 617 sumptibus
1376 571 1559 606 bellorum
1576 570 1690 605 vindi-

512 636 661 668 caverat
680 632 902 667 adulterium
926 631 1073 676 Paridis,
1094 632 1169 677 ipse
1192 635 1373 666 mactatus
1393 634 1447 666 est
1465 631 1511 666 ab
1526 631 1688 678 AEgistho

511 693 701 728 sacerdote
715 692 895 727 adulterio
909 688 943 735 (¹)
963 692 1087 726 uxoris
1103 702 1178 726 suae
1193 702 1279 726 cum
1296 691 1459 727 rediisset
1478 691 1512 726 iu
1534 691 1687 737 patriam

509 752 792 800 gloriosissimus
811 751 1057 796 triumphator
1077 761 1180 787 more
1200 751 1312 786 bovis.
1329 771 1377 776 -
1391 754 1492 787 Siate.
1514 752 1577 787 Hic
1598 751 1689 787 Bea-

511 814 580 848 trix
608 812 736 847 suadet
764 822 807 846 ex
836 811 938 846 dictis
965 811 1062 856 quod
1091 821 1162 846 non
1189 811 1303 846 simus
1331 811 1435 846 nimis
1463 811 1591 856 festini,
1614 811 1688 847 imo

509 873 600 908 tardi
623 872 668 907 ad
689 875 828 916 votum,
844 871 987 906 diceus:
1013 873 1042 906 O
1059 873 1228 916 crisciani,
1246 873 1332 906 state
1348 869 1532 916 pie'cyravz'
1550 882 1572 906 α
1592 882 1688 906 mno-

510 934 615 977 aerve',
647 932 794 976 scilicet,
821 931 866 967 ad
893 935 1034 977 votum,
1060 942 1131 967 non
1157 933 1243 967 state
1269 943 1364 967 come
1387 943 1505 977 penna
1532 933 1580 967 ad
1605 934 1689 976 oqui

509 997 619 1033 remo,
639 992 740 1037 idest,
761 1002 832 1027 11011
858 992 967 1037 leves,
989 1002 1060 1027 nou
1081 993 1232 1028 mobiles
1259 993 1303 1028 ad
1331 1003 1479 1028 omnem
1508 993 1685 1038 impetum

506 1054 761 1097 adversorum,
789 1057 824 1088 et
852 1053 1035 1098 praecipue
1070 1053 1282 1099 navigantes
1317 1054 1384 1089 hoc
1419 1054 1539 1089 facere
1571 1054 1687 1089 solent

505 1114 550 1150 ad
578 1124 733 1160 parvum
762 1117 913 1149 ventum
942 1114 1191 1158 contrarium3
1211 1125 1228 1148 e
1249 1125 1319 1149 non
1341 1116 1493 1149 crediace
1518 1116 1577 1149 che
1603 1115 1687 1158 oym'

504 1184 618 1219 acqua
645 1176 678 1208 vi
704 1175 786 1218 lavi,
815 1174 900 1219 quia
930 1184 1000 1209 11011
1028 1174 1160 1209 sufficit
1187 1185 1284 1219 aqua
1317 1178 1441 1210 sancta
1468 1175 1512 1210 ad
1540 1174 1684 1210 solven-

504 1235 591 1270 dum
622 1235 693 1270 tale
719 1234 894 1269 debitum.
924 1234 966 1268 Et
994 1234 1113 1269 subdit
1141 1234 1238 1279 quod
1262 1244 1456 1280 possumus
1483 1244 1562 1270 esse
1590 1244 1683 1280 pra*-

504 1295 600 1330 cauii
621 1295 655 1329 iu
681 1295 758 1339 1100,
774 1294 915 1329 dicens:
939 1298 1034 1329 (wele
1060 1296 1086 1329 z'l
1109 1305 1222 1329 renovo
1241 1296 1295 1329 e'l
1314 1296 1446 1329 vecchio
1471 1299 1682 1337 testamento,

503 1365 663 1400 quorum
694 1358 897 1400 utrumque
924 1355 1085 1400 praecipit
1114 1354 1267 1390 reddere
1286 1355 1383 1400 quod
1403 1358 1577 1390 vovetur:
1597 1358 1634 1389 et
1652 1355 1679 1389 si

503 1416 676 1462 ignoratis
696 1425 838 1451 sacr-am
859 1416 1092 1461 scripturam,
1109 1415 1248 1450 habetis
1266 1417 1292 1450 il
1302 1419 1427 1460 paslor
1445 1417 1536 1450 della
1555 1417 1680 1459 chiesa,

501 1476 604 1521 quasi
632 1476 737 1520 dicat,
767 1476 934 1521 praelatos
963 1476 1199 1522 praedicaates
1226 1480 1262 1511 et
1288 1476 1485 1522 dirigentes
1518 1486 1582 1511 vos
1609 1476 1680 1511 sal-

501 1539 573 1571 tem
604 1536 737 1580 verbo,
767 1535 846 1571 ideo
882 1535 977 1580 dicit,
1005 1537 1064 1571 clee
1100 1538 1132 1571 cc*
1160 1538 1281 1581 quida,
1311 1540 1346 1572 et
1382 1536 1474 1581 ideo,
1503 1540 1619 1581 questo
1649 1538 1681 1571 ci

500 1596 588 1631 hasti
613 1607 635 1629 a
665 1600 780 1631 voslro
807 1597 1161 1631 salvamenta—Se.
1200 1597 1262 1631 Hic
1298 1597 1443 1632 Beatrix
1477 1597 1582 1633 docet
1615 1608 1679 1633 1105

499 1656 650 1690 obviare
678 1656 731 1690 his
759 1666 842 1700 quae
870 1656 1094 1701 praecipitant
1123 1666 1187 1690 uos
1215 1656 1249 1690 111
1278 1659 1373 1700 vota,
1402 1656 1547 1701 scilicet,
1575 1656 1678 1701 cupi—

499 1716 669 1751 ditatibus
697 1715 841 1759 nostris,
861 1716 1002 1750 diceus:
1025 1726 1061 1749 se
1080 1717 1173 1750 mala
1193 1717 1367 1760 eupidlffl'a
1386 1718 1479 1751 allro
1501 1718 1532 1751 ri
1556 1718 1677 1760 yrida,

499 1776 591 1811 sicut
610 1776 787 1820 cupiditas
807 1775 972 1810 vindictae
1000 1775 1174 1820 compulit
1201 1775 1528 1821 Agamemncmem,
1548 1780 1584 1812 et
1611 1786 1677 1811 cu—

499 1836 625 1882 piditas
646 1836 807 1871 victoriae
827 1836 992 1881 Jephthe,
1011 1835 1054 1871 ad
1076 1839 1149 1870 tam
1170 1846 1267 1871 cinca
1287 1839 1389 1881 vota,
1409 1839 1444 1871 et
1463 1836 1511 1872 ita
1537 1836 1676 1882 cupidi-

499 1899 551 1931 tas
579 1896 670 1931 lucri
698 1896 880 1942 compellit
907 1906 1084 1940 avarum3
1105 1906 1213 1942 crgo:
1236 1897 1322 1930 sicile
1345 1897 1474 1931 nomini
1491 1892 1547 1940 ὣς
1571 1896 1673 1941 quasi

496 1956 606 1991 dicat:
629 1957 795 2003 regimini
818 1957 968 2000 ratione,
990 1967 1072 2001 quie
1098 1957 1241 2002 regulat
1262 1956 1479 2001 passionem,
1495 1967 1512 1990 e
1531 1967 1600 1990 mm
1611 1967 1674 2001 pe-

496 2027 575 2051 core
594 2021 708 2061 malle,
732 2028 815 2062 quae
834 2020 1043 2062 sequuntur
1070 2017 1184 2052 solam
1206 2017 1491 2061 sensualitatem,
1519 2013 1548 2050 si
1574 2017 1633 2050 elce
1652 2018 1674 2050 'l

497 2078 640 2121 Gizcdeo,
668 2078 729 2123 qui
759 2078 867 2113 habet
894 2078 1012 2113 solum
1042 2081 1147 2113 vetus
1176 2080 1448 2121 testamcutum,
1476 2080 1511 2112 ot
1537 2077 1673 2122 optime

494 2142 615 2172 servat
643 2142 823 2184 praecepta
852 2138 939 2185 legis
965 2138 1137 2184 antiqme,
1161 2142 1216 2172 (ra
1246 2139 1300 2172 voe?
1326 2139 1363 2172 (Ii
1391 2139 1444 2172 voe·
1471 2148 1540 2172 non
1568 2139 1672 2181 ricla,-

494 2200 529 2232 et
557 2208 643 2232 vere
666 2198 777 2242 judaei
808 2198 988 2233 mirantur
1018 2198 1175 2232 multum
1205 2201 1239 2233 01
1268 2198 1466 2233 truffautur
1499 2197 1543 2233 ‹le
1578 2197 1673 2232 chri—

556 2326 580 2353 (¹)
599 2325 627 2349 E.
647 2326 772 2350 adultero.
1026 2327 1053 2353 1³]
1073 2327 1098 2350 κζ.
1120 2327 1222 2353 nomini,
1241 2327 1312 2354 idest,
1331 2327 1457 2357 regimini.
