1737 2836
496 206 634 232 CANTL's
661 207 806 232 SExTL‘s.
1170 201 1239 232 449

64 277 161 320 doyli
178 279 335 322 innanzi,
357 278 450 313 victa
472 282 568 314 terra
587 283 623 314 et
644 279 748 324 mari,
773 290 874 324 prese
891 281 927 313 la
945 284 1055 314 morte
1081 280 1241 315 subitaria

63 341 95 372 et
118 341 213 381 alra,
240 338 342 383 idest,
370 338 592 383 obscuram;
620 339 683 375 sed
710 343 809 375 certe
836 339 1028 386 gloriosior
1050 339 1116 375 fuit
1144 351 1243 376 mors

64 397 264 443 Cleopatrae
293 398 430 434 vitiosae
458 409 570 444 quam
598 399 764 434 Zenobiae
789 400 970 445 virtuosae,
995 410 1078 445 quae
1101 400 1243 446 captiva

64 457 173 504 ligata
202 461 276 494 tota
304 458 440 494 catenis
466 458 589 494 aureis
615 459 726 494 ducta
753 462 910 494 estante
931 470 1084 495 currum
1112 460 1244 495 trium-

65 518 209 564 phalem
237 519 283 553 ab
310 518 506 554 Aureliano
526 518 760 564 imperatore,
780 520 843 553 dal
863 520 1016 564 colubro,
1042 520 1143 565 idest,
1165 531 1243 556 ser-

65 582 182 625 pente,
203 579 338 614 scilicet
356 579 402 614 ab
421 578 553 624 aspide,
578 589 660 624 quae
683 579 773 624 sopit
794 589 903 624 quem
926 580 1069 616 mordet
1089 591 1156 616 suo
1180 591 1243 616 vc—

64 649 170 674 neno.
199 638 335 674 Plinius
363 642 485 674 tamen
512 638 617 674 aliter
636 638 759 674 scribit
778 638 882 674 istam
905 643 1074 683 mortem,
1095 640 1240 685 scilicet,

63 698 163 744 quod
190 702 337 734 mortua
364 702 418 734 est
445 708 587 734 veneno
614 709 687 744 quo
706 698 927 734 astutissime
945 702 1149 735 tentaverat
1168 700 1241 734 An-

64 759 275 794 tonium.—
287 761 356 793 Con
372 760 488 793 coslai.
504 759 567 793 Hic
584 759 712 794 ultimo
727 759 949 794 Justiuianus
968 759 1148 794 concludit
1168 759 1242 794 vir-

64 823 182 855 tutem
197 823 233 855 et
247 819 454 855 felicitatem
470 819 623 866 Augusti
644 819 705 864 qui
726 823 805 865 post
824 819 995 865 praedicta
1013 819 1107 855 bella
1126 819 1241 854 civilia

64 880 148 915 fecit
165 880 279 914 multa
296 879 390 915 bella
407 879 546 914 hostilia
562 890 627 924 per
641 889 680 914 se
699 882 733 914 et
752 879 891 926 legatos
906 889 1004 924 suos,
1020 883 1056 914 et
1075 879 1240 914 omnium

63 940 179 975 victor
206 949 333 985 pacem
361 939 455 976 dedit
484 939 632 974 mundo.
657 939 747 974 Dicit
767 950 877 986 ergo:
909 942 978 974 Con
1007 941 1128 983 cosmi,
1148 939 1243 974 scili—

63 1003 130 1044 οθῐ,
159 999 303 1035 Caesare
335 1000 512 1045 Augusto,
541 1010 639 1034 εον-36
666 1000 779 1033 insilio
798 1000 836 1033 αἱ
852 1000 910 1034 lito
929 999 1052 1043 rubro,
1073 999 1173 1044 idest,
1197 999 1242 1035 ad

63 1069 167 1095 mare
195 1059 350 1094 rubrum
370 1069 435 1105 per
454 1059 552 1104 quod
571 1058 723 1094 veniunt
742 1059 982 1095 mercimonia
1006 1062 1041 1094 et
1063 1063 1241 1104 aromata,

64 1120 157 1155 sicut
188 1119 302 1165 piper>
329 1119 422 1155 ebur
449 1119 485 1154 in
512 1119 767 1155 Alexandriam
796 1120 963 1165 *Egyptig
993 1124 1028 1155 et
1057 1120 1143 1165 quia
1170 1129 1241 1155 non

63 1180 141 1215 vult
167 1189 391 1215 enumerare
417 1180 505 1215 alias
532 1180 702 1215 victorias
729 1179 807 1215 eius
833 1179 1015 1215 concludit
1036 1180 1238 1216 maximum

64 1240 202 1275 bonum
230 1240 319 1285 eius7
347 1239 487 1275 dicens:
516 1250 580 1274 con
607 1241 726 1283 costati,
754 1239 888 1275 scilicet
907 1250 992 1275 cum
1015 1239 1144 1276 eodem
1164 1240 1241 1275 Au-

62 1304 181 1347 gusto,
204 1311 291 1345 pose
317 1301 342 1334 il
367 1301 494 1335 mondo
526 1301 558 1334 in
594 1304 690 1334 ίαηία
718 1311 819 1344 pace,
848 1300 932 1345 quia
966 1304 1007 1335 ut
1033 1300 1128 1336 bene
1155 1300 1241 1336 dicit

62 1360 202 1405 Florus,
231 1360 369 1405 ubique
395 1363 458 1395 aut
486 1370 553 1405 pax
583 1363 647 1394 aut
669 1360 786 1405 pactio
810 1360 893 1405 fuit3
921 1360 1017 1395 unde
1037 1360 1161 1396 Parthi
1181 1370 1241 1396 re-

65 1421 244 1456 miserunt
275 1420 341 1455 sibi
368 1420 468 1466 signa
488 1418 521 1463 J*
547 1430 630 1465 quae
663 1420 866 1455 habuerant
897 1420 941 1456 de
969 1420 1100 1456 Crasso
1127 1430 1240 1456 avaro

63 1484 192 1516 necato
219 1483 253 1515 ct
280 1479 435 1515 Antonio
458 1479 610 1526 prodigo
637 1479 786 1526 fugato:
815 1483 850 1515 et
876 1479 950 1514 Iudi
979 1480 1161 1515 miserunt
1188 1480 1241 1515 lc—

62 1544 165 1587 gatos
192 1551 278 1575 suos
310 1543 345 1575 et
377 1550 533 1575 munera
562 1550 716 1586 magna3
747 1539 843 1575 unde
873 1539 980 1574 dicit:
1009 1540 1045 1574 in
1077 1540 1241 1575 testimo-

63 1601 164 1635 nium
193 1604 302 1636 tantae
329 1600 435 1646 pacis,
464 1601 522 1634 che
545 1601 585 1644 su
611 1604 750 1634 serrato
769 1610 791 1634 α
814 1601 926 1634 Giano
949 1601 974 1634 il
993 1610 1056 1634 suo
1083 1600 1239 1643 delubro,

63 1660 163 1705 idest,
191 1660 390 1706 temp1um3
420 1670 505 1695 nam
527 1659 715 1706 Augustus
737 1659 1059 1705 septingentesimo
1080 1669 1177 1694 anno
1195 1659 1241 1694 ab

64 1721 155 1755 urbe
182 1720 324 1755 condita
352 1719 477 1755 clausit
502 1720 678 1765 templum
700 1720 801 1765 Jano,
824 1719 921 1765 quod
947 1730 1137 1765 nunquam
1161 1719 1241 1754 fue-

65 1786 118 1817 rat
145 1780 311 1816 clausum
341 1779 406 1814 nisi
434 1780 498 1824 bis7
527 1780 661 1815 scilicet
688 1780 756 1815 sub
777 1780 897 1814 Numa
926 1790 1025 1826 rege,
1045 1784 1081 1815 et
1107 1780 1143 1814 in
1171 1779 1240 1814 fine

64 1841 169 1888 primi
196 1840 279 1875 belli
307 1840 437 1886 punici.
459 1840 500 1874 Et
527 1841 714 1886 Augustus
733 1843 886 1875 vocatus
905 1843 957 1875 est
980 1840 1134 1874 dictator
1156 1849 1240 1884 per-

63 1905 195 1948 petuus
222 1904 257 1936 et
285 1903 387 1946 pater
415 1900 553 1945 patriae,
588 1903 623 1934 et
654 1903 802 1935 senatus
837 1899 971 1935 addidit
1003 1899 1067 1934 sibi
1105 1908 1240 1934 nomen

63 1962 215 2009 Augusti
244 1961 404 1996 sanctius
432 1964 466 1996 et
494 1960 736 2004 reverentius5
766 1963 807 1994 ut
829 1960 906 2005 Jam
932 1959 1057 1994 vivens
1076 1959 1111 1993 in
1134 1957 1241 1993 terris

62 2025 342 2058 consecraretur
361 2024 394 2056 et
410 2020 513 2066 quasi
529 2020 626 2055 Deus
645 2020 828 2054 coleretur
848 2019 883 2054 in
904 2019 1053 2063 mundo,
1069 2019 1152 2053 licet
1166 2018 1241 2063 ipse

63 2091 254 2127 nunquam
282 2080 439 2116 voluerit
467 2080 588 2115 vocari
617 2079 805 2114 Dominus.
834 2078 918 2114 Ideo
945 2078 1037 2114 bene
1057 2078 1141 2113 dicit
1160 2077 1241 2113 Flo—

63 2153 145 2177 rus:
161 2140 422 2187 gratulandum
438 2144 503 2184 est,
519 2139 617 2185 quod
633 2139 667 2173 in
684 2142 782 2174 tanta
799 2138 1074 2184 perturbatione
1094 2148 1239 2174 summa

126 2272 151 2301 (¹)
173 2272 200 2295 E.
217 2271 263 2294 Sibi
282 2271 379 2300 singula
398 2277 454 2300 quae
472 2271 615 2293 habuerant
633 2270 663 2293 de
680 2268 770 2292 Crasso
788 2276 864 2292 avaro
883 2272 973 2293 necato
991 2272 1015 2292 et
1033 2269 1064 2292 de
1083 2269 1207 2293 Antonio.

197 2324 235 2345 IV.
1078 2323 1106 2342 29
