1766 2856
534 242 579 274 38
896 246 1097 271 COMENTL'M
1124 245 1345 270 ememor-11

532 320 632 364 idest,
661 319 721 364 qui
749 319 833 353 olim
862 317 1023 353 coronati
1042 313 1076 361 C)
1104 320 1188 352 sunt
1215 316 1341 351 fronde
1369 316 1506 362 laurea,
1526 317 1619 352 sicut
1640 327 1704 353 co-

532 379 757 414 ronabantur
785 377 906 424 magni
939 376 1093 423 tragoedi
1120 380 1156 412 et
1185 376 1307 420 duces,
1337 378 1376 410 ut
1409 375 1549 411 dicetur
1581 377 1702 422 primo

531 439 700 473 paradisi.
714 458 761 463 -
777 439 884 480 Quini.
900 438 964 472 Hic
977 437 1146 484 Virgilius
1164 436 1358 471 nominatis
1378 435 1594 481 quibusdam
1615 447 1703 482 poe-

531 498 574 532 tis
601 498 739 544 graecis,
769 497 931 532 nominat
961 497 1101 542 aliquas
1134 496 1306 531 mulieres
1334 505 1472 542 graecas
1499 495 1704 531 notissimas

531 557 626 603 apud
654 558 827 601 Statium,
855 560 890 592 et
916 557 1035 602 primo
1062 556 1151 591 duas
1179 566 1324 591 sorores
1353 556 1507 602 reginas.
1527 555 1580 590 Ad
1598 555 1703 591 cuius

529 617 801 663 intelligentiam
830 620 883 652 est
909 617 1108 661 sciendum,
1130 615 1227 661 quod
1254 616 1452 661 Polynices,
1477 615 1521 650 de
1549 626 1622 660 quo
1648 615 1703 650 di-

530 680 630 712 ctum
667 680 720 711 est
753 687 863 722 supra
890 676 926 710 in
952 676 1110 711 secunda
1138 678 1240 721 parte
1275 675 1431 720 capituli,
1461 675 1579 710 minor
1608 675 1702 710 filius

529 736 654 781 OEdipi
682 737 767 771 exul
794 747 814 771 a
842 736 971 771 Thebis
1003 735 1167 781 pervenit
1195 735 1240 770 ad
1266 735 1381 781 Argos
1408 735 1545 770 claram
1577 735 1703 770 eivita-

531 799 604 831 tem
636 795 798 831 Greciae:
829 798 864 831 et
891 795 1020 831 eodem
1056 798 1222 840 tempore
1253 794 1396 840 Tydeus
1428 805 1493 840 pro
1520 795 1702 840 Meleagro

530 855 641 890 fratre
668 866 734 890 suo
762 855 939 901 profugus
962 855 1008 889 ab
1032 854 1163 889 AEtolia
1183 854 1332 900 regione
1351 854 1514 899 pervenit
1533 854 1578 889 ad
1599 864 1702 889 eam-

529 915 612 950 dem
645 916 787 959 urbem,
820 918 854 950 et
890 915 999 949 ambo
1034 917 1189 960 urgente
1222 917 1436 960 tempestate
1473 914 1703 949 intraverunt

529 974 749 1010 vestibulum
779 975 888 1021 regite
915 975 1057 1019 domus,
1086 977 1120 1010 et
1148 974 1343 1009 deveniens
1360 970 1394 1017 ὃ)
1416 974 1461 1009 ad
1489 974 1587 1009 litem
1618 984 1703 1020 pro-

529 1037 609 1079 pter
635 1034 840 1080 angustiam
871 1034 937 1069 loci
965 1037 1156 1080 coeperunt
1182 1034 1275 1069 alter
1301 1034 1472 1078 alterum,
1492 1033 1545 1069 ira
1572 1034 1702 1068 stimu-

530 1094 637 1138 lante,
655 1094 750 1129 male
774 1097 941 1138 tractare,
962 1093 1150 1140 Polynices
1178 1103 1332 1138 corpore
1360 1103 1526 1139 magnus,
1551 1093 1613 1128 sed
1631 1093 1702 1139 Ty-

528 1154 618 1190 deus
646 1154 762 1189 maior
781 1154 903 1189 auimo
923 1157 957 1189 et
977 1154 1128 1188 virtute:
1150 1153 1310 1188 tumultu
1331 1157 1455 1188 autem
1475 1153 1702 1190 fervescente

528 1213 702 1248 Adrastus
731 1224 795 1248 rex
829 1213 950 1259 gravis
981 1213 1080 1248 senio
1115 1213 1292 1248 excitatus
1323 1223 1344 1248 a
1378 1223 1506 1247 somno
1539 1212 1700 1248 accensis

528 1273 726 1308 luminibus
753 1273 895 1308 diremit
923 1273 1075 1308 crudam
1103 1283 1264 1318 pugnam
1299 1272 1477 1307 istorum:
1506 1276 1542 1307 et
1579 1272 1701 1308 videns

529 1333 686 1368 alterum
715 1343 800 1368 cum
830 1333 922 1378 pelle
948 1333 1073 1377 leonis,
1092 1333 1248 1368 alterum
1272 1342 1357 1367 cum
1386 1332 1477 1378 pelle
1498 1332 1587 1378 apri,
1607 1332 1698 1368 duas

529 1392 618 1428 filias
654 1403 738 1428 suas
773 1392 900 1427 nobilis
932 1392 1059 1428 formae
1091 1395 1125 1427 et
1161 1391 1292 1426 nubilis
1326 1391 1439 1427 aetaiis
1472 1391 1702 1437 desponsavit

528 1453 720 1497 ambobus,
744 1452 907 1488 videlicet
926 1453 1072 1499 Argiam
1092 1452 1263 1498 Polynici,
1283 1455 1317 1487 et
1340 1451 1538 1498 Deiphilem
1559 1451 1700 1497 Tydeo,

529 1513 742 1547 recordatus
769 1512 910 1556 somnii,
939 1512 974 1546 in
1001 1522 1075 1556 quo
1100 1511 1239 1546 viderat
1258 1511 1355 1556 quod
1378 1511 1467 1546 filias
1485 1521 1569 1545 suas
1588 1521 1701 1546 unam

529 1571 689 1617 rapiebat
718 1572 786 1615 leo,
813 1572 967 1606 alteram
1001 1581 1099 1617 aper,
1127 1581 1213 1606 cum
1241 1570 1379 1606 videret
1415 1570 1493 1605 illos
1526 1570 1700 1605 habentes

527 1631 668 1665 animos
694 1634 728 1666 et
757 1630 879 1665 vultus
906 1631 1059 1676 regales,
1078 1630 1141 1675 qui
1168 1630 1249 1665 sacti
1276 1630 1402 1676 generi
1430 1630 1525 1676 regis
1552 1630 1701 1665 suerunt

527 1694 651 1736 postea
680 1690 809 1725 fratres
827 1695 863 1726 et
881 1690 966 1725 socii
995 1690 1250 1734 amantissimi,
1270 1690 1314 1725 de
1336 1700 1496 1734 quorum
1522 1689 1700 1724 mortibus

526 1750 622 1795 apud
654 1749 793 1784 Thebas
824 1749 959 1784 dictum
993 1754 1046 1785 est
1078 1750 1182 1795 plene
1213 1749 1248 1784 in
1281 1749 1435 1785 Inferno.
1472 1749 1524 1785 Ad
1555 1750 1697 1785 literam

526 1820 635 1856 ergo:
664 1809 747 1844 (licit
774 1809 943 1855 Virgilius
978 1809 1109 1844 Statio:
1144 1810 1202 1854 qui
1232 1811 1263 1844 si
1298 1798 1443 1852 veqyion
1478 1811 1520 1844 (Ie
1550 1811 1580 1844 le
1608 1811 1701 1853 genti

526 1875 592 1913 tue,
619 1870 663 1906 de
697 1870 829 1915 quibus
863 1869 1022 1906 tractasti
1054 1869 1089 1904 in
1121 1869 1313 1914 Thebaide,
1352 1870 1467 1913 Dezfile
1499 1871 1542 1904 ed
1571 1870 1698 1913 Arqia,

526 1941 689 1975 sorores5
718 1933 753 1965 et
780 1929 944 1964 nominat
969 1929 1060 1964 duas
1087 1929 1174 1964 alias
1193 1939 1339 1964 sorores
1366 1928 1591 1973 infeliciores,
1614 1939 1697 1973 quae

526 1991 673 2026 fuerunt
703 1990 782 2024 filiae
809 1989 934 2035 OEdipi
962 1992 998 2024 et
1024 1989 1186 2034 Jocastae,
1207 1992 1242 2024 et
1264 1998 1408 2023 sorores
1436 1988 1697 2024 infelicissimo-

527 2061 611 2086 rum
640 2050 806 2094 fratrum,
835 2049 978 2094 scilicet,
1007 2049 1160 2085 Eteoclis
1187 2052 1222 2084 et
1249 2048 1436 2094 Polynicis,
1459 2048 1598 2084 dicens:
1623 2052 1698 2084 An-

526 2112 661 2154 ayone,-
690 2121 761 2144 uou
788 2109 951 2154 loquitur
978 2109 1023 2145 de
1049 2109 1228 2155 Antigone
1248 2108 1317 2144 tilia
1337 2108 1593 2144 Laumedontis
1612 2119 1696 2143 mu-

526 2175 600 2207 tata
639 2170 673 2205 in
714 2169 901 2214 ciconiam,
935 2173 966 2203 ec
997 2171 1129 2203 Ismene
1167 2165 1196 2203 εὶ
1236 2170 1335 2204 {rista
1373 2179 1467 2203 come
1502 2171 1572 2214 sne,
1612 2168 1697 2213 quia

588 2298 614 2327 (¹)
634 2300 685 2325 1¹7,
703 2297 786 2321 ornati
804 2300 869 2321 sunt.
1017 2327 1025 2331 “
1198 2297 1224 2326 (⁴¹)
1244 2300 1294 2326 117,
1313 2298 1482 2321 devenientes.
