1766 2856
471 238 541 269 470
868 241 1072 267 COMENTUM
1099 240 1265 265 PARAmsl

472 317 565 360 m'lla,
601 315 702 358 idest,
737 313 911 359 splendet,
950 313 1050 348 velut
1083 313 1162 348 fons
1197 312 1299 357 lucis,
1327 308 1368 355 si,
1396 313 1455 346 che
1481 313 1652 358 dispieya,

470 375 569 419 idest,
594 374 748 419 explicat
776 374 810 408 in
837 373 938 418 alios,
958 374 987 407 le
1006 373 1155 407 bellem-e
1173 376 1300 417 eterne,
1323 382 1406 417 quae
1434 375 1518 407 sunt
1545 372 1581 408 in
1608 383 1652 408 ea

469 445 551 480 quae
572 433 813 469 manifestavit
836 433 871 468 in
897 432 1153 479 intelligentiis,
1170 432 1281 468 stellis
1305 435 1340 468 et
1360 429 1655 468 caeteris—Cib.

469 496 531 531 Hic
559 495 716 539 Beatrix,
739 497 833 530 tacta
856 494 1042 529 creatione
1066 504 1193 529 rerum
1223 493 1258 528 in
1286 493 1461 539 generali,
1485 493 1600 539 tangit
1619 493 1656 528 in

467 555 611 602 speciali
647 554 872 590 creationem
908 553 1093 589 rationalis
1130 556 1324 598 creaturae,
1353 553 1411 588 cui
1440 553 1521 599 plus
1556 554 1655 589 Deus

467 616 563 651 dedit
590 615 635 651 de
663 615 825 651 bonitate
852 625 938 660 sua:
967 618 1003 649 et
1022 614 1099 649 vult
1119 613 1382 649 sententialiter
1402 613 1536 659 dicere,
1557 613 1656 658 quod

468 687 578 712 omne
610 680 776 712 creatum
805 686 827 711 a
854 675 930 710 Deo
963 675 1040 710 sine
1072 685 1212 721 organo
1246 674 1303 710 vel
1336 674 1456 709 medio
1489 673 1571 709 coeli
1600 676 1654 709 est

468 741 662 781 aeternum,
695 740 747 772 est
784 736 954 771 liberum.
983 735 1075 771 Dicit
1109 745 1224 782 ergo:
1262 732 1321 769 Cio
1348 736 1406 769 che
1441 735 1570 770 clz'slilla
1606 735 1654 769 da

469 799 523 841 lei,
545 797 644 841 idest,
666 796 850 832 emanavit
877 796 924 831 ab
952 795 1010 831 illa
1039 795 1160 831 divina
1188 795 1362 840 bonitate,
1385 805 1494 829 senza
1518 804 1653 838 mezzo,

469 858 569 900 idest,
605 857 849 891 instrumento
885 857 978 901 coeli,
1007 856 1100 892 sicut
1134 856 1257 892 anima
1291 856 1488 900 rationalis,
1524 855 1656 891 intelli-

467 918 599 965 genliae
635 921 826 953 moventes
862 918 974 953 coelos
1008 921 1042 953 et
1074 917 1139 963 ipsi
1173 917 1267 962 coeli,
1295 927 1364 951 non
1401 918 1446 951 Ιια
1480 918 1542 961 poi
1572 918 1654 962 fine,

468 982 503 1013 et
531 988 616 1013 ecce
653 978 854 1014 rationem:
882 975 1013 1023 perche*
1044 979 1079 1012 ῖα
1118 988 1182 1012 sua
1218 979 1403 1022 imprenla,
1436 977 1546 1022 idest,
1586 977 1656 1012 im-

468 1039 605 1084 pressio
635 1039 774 1083 formae,
798 1049 867 1073 ηοη
896 1040 926 1073 si
953 1049 1086 1082 mttere,
1108 1038 1209 1083 idest,
1233 1048 1305 1073 non
1334 1037 1498 1073 subiacet
1526 1037 1656 1083 motui,

468 1101 597 1143 quaml'
613 1101 692 1143 ella,
724 1099 870 1144 scilicet,
898 1099 1019 1134 divina
1056 1099 1210 1143 bonitas,
1245 1100 1373 1143 sigyilla,
1407 1099 1509 1143 idest,
1542 1098 1656 1133 insor-

470 1163 556 1195 mat.
586 1159 627 1194 Et
655 1159 752 1194 addit
780 1159 887 1194 aliam
910 1159 1205 1206 praerogativam,
1226 1159 1361 1194 scilicet
1389 1158 1576 1202 libertatis,
1601 1158 1656 1193 di—

468 1231 564 1265 cens,
594 1220 794 1266 repetendo
815 1220 942 1256 eadem
964 1220 1088 1265 verba,
1108 1216 1160 1254 eid
1178 1221 1236 1254 elie
1251 1221 1355 1264 piore
1373 1221 1420 1254 (Ια
1439 1230 1529 1263 essa,
1550 1219 1652 1265 idest,

468 1280 628 1326 procedit
657 1281 702 1315 ab
731 1280 858 1316 eadem
889 1280 1063 1325 bonitate,
1089 1290 1197 1314 senza
1226 1290 1359 1325 mezzo,
1390 1279 1492 1324 idest,
1512 1290 1655 1326 organo

467 1341 560 1385 coeli,
589 1339 608 1376 e*
634 1345 715 1375 lullo
742 1342 864 1384 libero,
892 1341 938 1376 ab
966 1341 1065 1376 omni
1095 1341 1343 1386 corruptione,
1371 1340 1418 1375 ab
1445 1340 1544 1375 omni
1569 1350 1656 1376 coa-

467 1401 607 1446 ctione;
636 1405 671 1437 et
699 1411 785 1437 ecce
814 1401 1015 1437 rationem:
1040 1399 1169 1446 perche*
1195 1412 1263 1436 non
1291 1402 1456 1444 soygyiace
1482 1402 1555 1434 alla
1583 1401 1656 1435 vir-

468 1463 558 1504 lude,
587 1462 722 1497 scilicet
750 1461 1005 1506 informativae,
1034 1463 1120 1496 delle
1150 1472 1228 1496 cose
1255 1472 1379 1505 nitore,
1410 1460 1547 1496 scilicet
1580 1460 1657 1506 pla-

468 1525 639 1556 netarum
667 1525 703 1557 et
731 1522 933 1566 stellarum,
963 1531 1047 1566 quae
1075 1521 1119 1557 de
1147 1532 1242 1556 novo
1271 1524 1405 1557 creatae
1425 1524 1509 1556 sunt
1529 1524 1564 1556 et
1584 1531 1657 1556 non

467 1586 551 1616 suut
580 1581 625 1616 ab
653 1585 803 1617 aeterno.
833 1582 875 1616 Et
904 1581 960 1616 hic
984 1584 1068 1616 nota
1097 1581 1195 1626 quod
1223 1591 1379 1627 corpora
1407 1581 1570 1617 coelestia
1602 1580 1657 1615 in-

469 1642 586 1676 ssuunt
614 1642 648 1676 in
678 1642 866 1677 terrestria
901 1645 936 1677 et
968 1641 1207 1677 elementaria
1242 1646 1422 1686 quantum
1456 1642 1499 1677 ad
1529 1641 1655 1676 distm-

467 1702 626 1737 ctionem
665 1705 875 1747 temporum
914 1705 949 1736 et
989 1701 1270 1747 productionem
1311 1701 1580 1747 generabilium
1619 1705 1655 1736 et

468 1762 782 1807 corruptibilium,
805 1772 875 1796 non
899 1765 1022 1797 [amen
1050 1762 1207 1796 inlluunt
1236 1772 1347 1807 super
1375 1761 1531 1797 liberum
1555 1760 1655 1796 arbi-

468 1822 578 1857 trium
609 1832 673 1868 per
696 1822 768 1857 vim
792 1822 1123 1867 constellationum,
1147 1832 1259 1866 quam
1281 1822 1429 1867 quidam
1454 1821 1653 1868 philosophi

466 1883 640 1917 dixerunt
670 1882 817 1926 sactum,
840 1893 906 1917 nec
930 1886 1014 1917 sunt
1034 1886 1134 1917 certa
1157 1882 1259 1928 signa
1281 1882 1493 1918 futurorum
1515 1882 1655 1918 contin-

466 1943 647 1989 gentium,
665 1946 793 1978 contra
809 1954 892 1988 quae
913 1943 1024 1978 homo
1044 1947 1161 1988 potest
1182 1953 1246 1988 per
1267 1943 1422 1977 liberum
1440 1942 1652 1977 arbitrium:

467 2004 564 2039 uude
592 2004 751 2050 optimus
779 2004 987 2050 astrologus
1007 2003 1033 2038 si
1056 2003 1264 2049 praeviderit
1287 2003 1344 2038 illa
1365 2006 1481 2049 potest
1504 2002 1655 2038 obviare

467 2065 529 2109 eis,
559 2068 599 2099 ut
626 2065 708 2099 dicit
736 2064 837 2110 Haly.
855 2062 993 2099 -Ρίὰ,
1015 2064 1078 2099 Hic
1104 2064 1252 2099 Beatrix
1281 2063 1422 2098 reducit
1448 2062 1492 2098 ad
1521 2072 1655 2108 propo-

467 2125 576 2160 situm
606 2126 639 2160 id
667 2126 764 2171 quod
793 2125 882 2160 dixit
910 2125 955 2160 de
992 2124 1158 2173 rationali
1193 2127 1376 2168 creatura,
1412 2126 1451 2158 ut
1488 2132 1553 2168 per
1588 2123 1655 2158 hoc

466 2186 633 2221 ostendat
662 2186 759 2231 quod
788 2187 899 2221 homo
928 2185 1090 2221 maxime
1117 2184 1255 2231 gaudet
1284 2184 1342 2219 tali
1371 2183 1573 2229 privilegio,
1601 2182 1656 2218 di-

467 2256 572 2281 cens:
599 2244 658 2290 piel
685 2248 735 2289 (sti
760 2244 779 2281 e*
803 2248 996 2292 conforme,
1027 2245 1128 2290 idest,
1157 2255 1268 2280 omne
1295 2244 1367 2279 tale
1394 2254 1458 2279 ens
1486 2245 1653 2278 creatum

467 2317 488 2342 a
517 2306 592 2341 Deo
621 2306 832 2342 immediate
856 2306 971 2352 magis
993 2305 1249 2341 conformatur
1276 2304 1354 2349 sibi,
1378 2313 1490 2349 quam
1519 2306 1651 2339 caetera
