1766 2856
511 259 581 292 362
905 266 1109 291 COMENTL'M
1136 266 1302 291 PARADISI

508 339 639 374 melius
658 342 763 373 vocat
781 338 986 373 Bcatricem
1007 339 1121 373 solem
1140 338 1406 374 illuminantem
1427 344 1589 375 mentem
1610 341 1690 376 eius

507 398 602 433 circa
629 398 769 442 divina,
797 399 855 432 elce
878 399 962 442 prta
989 399 1036 433 mi
1060 394 1181 433 scaldo
1209 400 1234 433 il
1255 402 1347 443 petto
1378 400 1411 434 (Γ
1421 409 1556 444 amore,
1584 401 1687 445 idest,

507 468 589 502 quae
617 457 735 503 primo
762 458 943 494 amoravit
970 468 1034 494 cor
1058 468 1185 494 meum
1205 459 1412 504 carnaliter,
1434 459 1563 496 deinde
1583 471 1687 497 men-

506 518 637 562 taliter,
665 518 758 553 sicut
786 529 882 564 saepe
909 522 1098 554 ostensum
1132 522 1186 555 est
1219 519 1255 554 in
1288 519 1463 566 principio
1496 521 1625 556 inferni
1653 525 1689 557 et

506 578 541 613 in
569 578 640 614 fine
668 579 880 625 purgatorii,
901 581 944 614 ιη’
960 590 1049 614 area
1066 583 1224 624 scoperlo
1248 581 1273 614 zssl
1297 581 1394 615 dolce
1418 585 1562 625 aspelw,
1584 581 1687 627 idest,

507 639 804 674 manifestaverat
824 639 910 674 mihi
929 643 1073 685 gratam
1094 640 1356 685 inspectionem
1380 640 1476 676 circa
1501 642 1685 677 maculam

506 698 614 743 lunae,
642 700 678 733 da·
709 699 796 733 bella
831 694 951 742 cerild,
978 700 1073 734 bene
1104 699 1199 744 dicit,
1237 699 1321 744 quia
1354 700 1481 746 pulcra
1508 701 1688 736 subtiliter

506 758 594 794 (lixit
621 759 716 794 circa
752 759 856 794 istam
886 759 1079 794 materiam
1115 759 1160 794 ad
1193 759 1447 795 elucidandam
1480 761 1686 807 veritatem,

502 820 689 863 proc-(melo
716 829 733 852 e
758 820 991 863 riprommlo,
1014 819 1115 864 idest,
1134 829 1295 865 arguens
1323 830 1389 866 pro
1416 824 1452 856 et
1479 825 1620 866 contra,
1647 825 1688 857 ut

505 879 617 925 patuit
647 879 680 913 in
709 879 927 924 praecedenti
947 879 1117 925 capitulo.
1133 900 1181 904 ——
1197 883 1240 915 Ec
1256 882 1300 915 io.
1320 880 1383 916 Hic
1407 881 1540 917 Dantes
1560 883 1687 918 volens

504 939 641 974 intrare
669 950 801 975 novam
828 940 1020 975 materiam
1043 940 1253 975 animarum
1274 941 1375 987 fingit
1398 951 1438 977 se
1465 941 1576 978 fuisse
1603 943 1687 978 abs-

505 1003 663 1034 tractum
692 1000 917 1045 apparitione
945 1010 1088 1045 earum,
1108 1000 1195 1035 dum
1217 1004 1364 1046 pararet
1387 1001 1508 1037 dicere
1530 1002 1686 1038 Beatrici

505 1059 602 1104 quod
630 1063 709 1095 erat
737 1060 852 1096 sactus
879 1064 1002 1096 certus
1038 1061 1083 1096 de
1114 1061 1209 1096 dicta
1241 1061 1419 1107 veritate,
1454 1062 1550 1098 unde
1577 1063 1684 1098 dicit:

505 1122 547 1154 El
573 1122 606 1154 z'o
634 1121 723 1155 levae?
749 1122 782 1155 lo
809 1131 910 1165 capo,
932 1121 991 1156 ubi
1012 1121 1131 1167 primo
1151 1122 1299 1157 tenebat
1318 1122 1438 1157 visum
1458 1122 1621 1158 defixum
1650 1123 1686 1158 in

505 1179 710 1216 Beatricem
732 1181 943 1216 auscultans
966 1184 1104 1217 attente
1132 1192 1214 1227 quac
1228 1179 1262 1226 (¹)
1280 1181 1434 1227 dicebat,
1450 1192 1547 1217 nunc
1569 1183 1685 1218 erexit

505 1244 623 1286 caput,
641 1239 701 1285 ριῖῐι
727 1245 815 1284 erto,
835 1241 936 1287 idest,
959 1241 1079 1286 altius,
1099 1245 1194 1277 tanco
1214 1245 1344 1285 quanto
1362 1243 1393 1276 si
1414 1252 1602 1286 convenae,
1622 1242 1683 1278 tali

506 1301 681 1347 materiae,
710 1312 732 1336 α
756 1303 927 1347 proferir,
956 1301 1056 1347 idest,
1085 1302 1130 1337 ad
1158 1301 1396 1347 loquendum,
1415 1313 1482 1346 per
1504 1304 1685 1348 consessor

504 1372 557 1396 me
581 1366 702 1405 stesso,
730 1363 868 1408 supple,
898 1373 987 1407 esse,
1016 1366 1179 1407 correcto,
1210 1362 1356 1407 scilicet,
1376 1362 1420 1398 de
1440 1373 1568 1399 errore
1590 1373 1684 1409 meo,

503 1421 530 1457 si
560 1426 682 1458 tamen
710 1433 816 1458 error
843 1427 942 1468 erat,
964 1433 1049 1458 nam
1074 1423 1193 1468 primo
1213 1423 1370 1458 habebat
1391 1423 1599 1469 opinionem
1622 1434 1686 1459 ve-

503 1493 594 1527 ram,
623 1494 735 1528 quam
770 1487 894 1519 tamen
931 1483 1087 1518 mutavit
1121 1483 1207 1528 quia
1234 1483 1310 1518 visa
1343 1486 1397 1519 est
1424 1483 1488 1518 sibi
1516 1494 1684 1530 erronea,

500 1553 517 1576 e
544 1547 650 1587 cerm,
679 1543 780 1588 idest,
809 1543 1048 1579 certioratum
1077 1546 1112 1578 et
1139 1542 1366 1578 declaratum
1394 1543 1439 1578 de
1466 1543 1559 1579 dicta
1584 1543 1683 1580 veri-

501 1606 593 1648 tate,
615 1603 677 1639 sed
706 1607 887 1639 retractus
915 1606 967 1638 est
995 1614 1016 1638 a
1040 1603 1265 1638 confessione
1285 1614 1364 1648 sua,
1385 1603 1482 1639 unde
1503 1604 1606 1639 dicit:
1626 1614 1684 1638 ma

503 1664 643 1707 visione,
674 1663 820 1708 scilicet,
856 1663 1088 1707 umbrarum,
1125 1663 1170 1698 de
1204 1663 1337 1707 quibus
1371 1663 1493 1698 statim
1529 1663 1682 1708 dicetur,

501 1732 671 1767 appareo,
699 1723 813 1758 oculis
842 1723 942 1768 meis,
970 1723 1028 1757 che
1054 1724 1188 1757 ritemze
1222 1733 1274 1757 me
1305 1726 1400 1757 tanto
1431 1726 1549 1757 stt-ello
1581 1733 1604 1757 α
1633 1734 1682 1767 se,

502 1783 663 1818 novitate
691 1783 754 1828 rei,
780 1783 865 1828 quia
892 1783 969 1818 istae
996 1785 1079 1818 sunt
1108 1782 1235 1828 primae
1253 1782 1385 1818 animae
1413 1793 1505 1828 quas
1533 1783 1620 1818 vidit
1647 1783 1683 1818 in

501 1843 681 1889 paradiso,
710 1843 789 1879 ideo
817 1843 935 1878 subita
964 1843 1141 1889 apparitio
1161 1842 1213 1878 rei
1237 1843 1428 1889 incognitae
1451 1843 1598 1878 abstulit
1616 1843 1682 1878 sibi

502 1903 739 1939 intentionem
767 1903 951 1949 loquendi,
980 1907 1015 1938 et
1043 1903 1140 1938 dedit
1167 1902 1232 1937 sibi
1260 1902 1498 1938 intentionem
1522 1902 1680 1948 videndi3

500 1963 580 2000 ideo
607 1963 703 2008 dicit,
718 1975 784 2008 per
811 1965 957 2007 veclerse',
977 1963 1122 2008 scilicet,
1145 1963 1279 1998 dictam
1308 1963 1497 2008 visionem,
1525 1964 1585 1998 elce
1611 1974 1681 1999 non

501 2026 547 2059 mi
576 2035 749 2059 somenae
781 2025 818 2059 cli
849 2026 918 2059 mia
946 2025 1172 2069 consessione,
1210 2023 1313 2068 quasi
1345 2023 1451 2068 dicat,
1482 2023 1628 2059 recessit
1659 2033 1680 2058 a

500 2089 623 2120 mente
652 2096 733 2120 mea
761 2088 934 2130 concepta
964 2084 1154 2129 confessio,
1170 2087 1205 2119 ct
1228 2083 1321 2129 cncpi
1341 2083 1531 2118 attendere
1550 2083 1594 2118 ad
1614 2093 1681 2118 no—

500 2155 583 2180 vam
604 2145 880 2191 apparitionem.
893 2166 941 2170 —
956 2146 1067 2188 Quadi.
1083 2145 1188 2180 Nunc
1207 2147 1313 2190 poeta
1332 2143 1503 2179 describit
1523 2143 1679 2179 sormam

500 2208 536 2239 et
572 2204 769 2250 imaginem
806 2205 969 2251 ipsarum
1009 2205 1229 2240 umbrarum
1265 2214 1330 2250 per
1365 2203 1678 2249 comparationem

564 2333 591 2364 (¹)
610 2333 639 2356 E.
657 2339 686 2357 ca
704 2340 770 2363 quar⁸
