1737 2836
510 210 648 236 cmrus
674 210 843 236 oeTAvcs.
1195 204 1263 236 483

89 285 253 327 cor-renti,
282 283 381 327 idest,
412 283 564 327 veloces,
593 283 697 318 credo
716 284 754 317 al
771 283 874 317 modo
895 283 932 317 cli
950 284 1004 317 lor
1031 284 1114 317 visle
1139 286 1266 325 eterne,

89 343 190 387 idest,
219 343 421 388 interiores,
450 343 552 388 quasi
580 343 783 378 secundum
812 343 908 388 quod
938 343 1052 389 magis
1084 346 1120 378 et
1147 342 1268 377 minus

91 403 211 438 vident
238 407 273 438 et
301 403 597 448 contemplantur
624 403 766 447 Deumg
795 406 830 437 et
856 413 921 448 per
950 403 1017 438 boc
1051 402 1168 437 innuit
1201 401 1268 437 dif-

91 463 281 499 ferentiam
310 463 494 509 graduum
515 462 640 508 gloriae
660 461 834 507 ipsarum,
854 473 875 497 a
899 462 1003 497 simili
1033 473 1128 497 come
1143 463 1269 507 favilla

90 526 121 558 si
156 525 238 558 vede
268 524 305 558 in
336 524 495 568 simmaa,
533 525 569 557 et
601 525 653 557 est
691 521 836 567 propria
869 521 1117 567 comparatio:
1150 522 1267 557 favilla

92 583 188 619 enim
217 583 316 628 levis,
345 582 475 628 lucida⁷
503 581 635 618 ardens
657 584 827 617 movetur
846 581 976 627 raptim
996 592 1061 627 per
1081 582 1267 616 {lammam

91 644 301 689 ardentem;
326 643 371 678 ita
396 647 431 679 et
458 643 590 678 animae
612 652 858 678 venereorum
880 645 1076 677 moventur
1097 641 1269 676 velociter

92 715 167 749 quo
194 705 341 739 flamma
368 703 506 739 amoris
534 703 643 738 trahit
670 713 752 747 eos;
780 714 797 736 e
824 713 919 737 come
946 713 1027 737 voce
1053 703 1083 736 si
1113 703 1271 737 discerne

93 766 127 799 in
159 775 251 808 voce,
288 764 379 799 sicut
413 766 510 809 patet
544 763 579 798 in
613 764 726 798 choro
757 763 979 806 canentium,
1013 763 1153 806 quando
1186 772 1270 804 ana,

93 823 227 859 scilicet
255 834 338 869 vox,
366 822 385 858 e*
407 825 522 869 ferma
550 834 566 857 e
593 824 719 857 l'allra
750 833 791 857 ra
818 833 836 856 e
861 823 968 866 riecle,
992 822 1093 867 idest,
1115 821 1269 857 reverti-

94 889 173 920 tur:
202 888 237 920 et
265 888 318 920 est
344 884 481 930 optima
509 883 746 929 comparatio,
767 882 852 928 quia
876 882 1023 918 venerei
1052 881 1269 917 naturaliter

94 948 178 979 sunt
212 948 392 989 cantores,
427 947 463 979 et
494 943 647 979 diversae
682 952 789 978 voces
825 943 1050 978 cantantium
1085 940 1272 977 concordi-

95 1008 150 1040 ter
177 1004 313 1040 faciunt
341 1004 485 1039 dulcem
514 1014 658 1047 sonum,
682 1006 715 1038 et
745 1003 790 1038 ita
820 1003 1008 1038 hie—Di
1035 1003 1176 1047 ffedda.
1209 1000 1272 1035 Hic

97 1068 206 1100 autor
232 1063 403 1099 describit
432 1063 662 1109 repentinum
691 1073 878 1098 accessum
899 1059 933 1105 (¹)
960 1062 1104 1097 illarum
1133 1060 1274 1095 anima-

96 1135 179 1160 rum
209 1134 337 1160 versus
365 1134 427 1159 eos
454 1134 518 1170 per
546 1134 657 1158 11113111
683 1122 994 1168 comparationem
1020 1122 1197 1167 pulcram,
1219 1119 1273 1155 di-

96 1196 202 1221 cens:
230 1187 324 1220 Venti
349 1196 369 1219 0
398 1184 520 1218 visibili
537 1194 557 1217 ο
576 1194 634 1226 110,
656 1193 738 1218 113111
760 1192 914 1228 vapores
937 1181 1038 1217 calidi
1062 1184 1145 1216 sunt
1165 1180 1273 1215 lumi-

98 1245 186 1290 nosi,
216 1244 295 1280 ideo
324 1243 516 1279 videntur:
546 1243 662 1289 frigidi
692 1253 779 1278 vero
820 1241 1012 1277 invisibiles
1045 1241 1136 1276 sicut
1163 1240 1272 1285 venti,

96 1315 164 1339 mm
193 1305 342 1339 (11361531-
375 1304 411 1337 (Ii
441 1304 571 1348 sredda
603 1303 702 1345 nube,
737 1302 870 1348 repulsi
908 1313 928 1336 a
962 1300 1089 1347 frigida
1125 1300 1274 1347 regione

95 1364 201 1409 aeris,
231 1368 326 1398 lanto
350 1365 476 1408 femini,
508 1362 608 1407 idest,
638 1365 710 1397 tam
741 1362 894 1406 veloces,
931 1362 988 1395 clee
1015 1371 1083 1396 non
1107 1370 1275 1405 paresser

96 1425 246 1469 impediti
271 1435 288 1457 e
315 1425 408 1466 lenti,
437 1423 537 1467 idest7
566 1422 657 1468 pigri
686 1426 721 1457 et
750 1422 851 1466 tardi,
880 1432 903 1455 a
929 1423 982 1455 chi
1008 1432 1125 1455 aresse
1152 1421 1275 1455 veduco

96 1486 172 1529 quei
199 1486 281 1519 lami
307 1485 427 1527 «livini,
471 1483 573 1528 idest,
602 1482 678 1517 illos
711 1482 856 1527 spiritus
888 1481 1099 1525 luminosos,
1129 1481 1225 1515 venir
1252 1489 1275 1513 a

97 1547 175 1590 7102)-
203 1548 238 1580 et
266 1548 319 1580 est
346 1543 572 1589 comparatio
595 1542 740 1588 propria
768 1542 812 1578 de
839 1542 955 1577 ventis
978 1541 1021 1576 ad
1046 1541 1187 1576 animas
1216 1550 1275 1575 13-

98 1605 195 1640 110113
222 1604 420 1640 velocitatis
447 1607 483 1639 et
505 1602 717 1637 visibilitatis
735 1598 769 1646 (ᾖ)
789 1614 797 1647 ;
821 1602 917 1636 unde
937 1601 1083 1646 quidam
1105 1601 1276 1636 dixerunt

97 1664 257 1700 animam
293 1674 372 1700 esse
406 1667 578 1707 ventum3
607 1665 642 1697 et
676 1662 769 1707 dicit,
798 1663 979 1697 [asciando
1012 1663 1037 1696 il
1065 1662 1158 1705 yiro,
1189 1660 1274 1705 quia

99 1724 217 1770 primo
239 1723 484 1759 movebantur
503 1722 743 1767 circulariter,
764 1725 804 1757 ut
822 1722 959 1757 dictum
979 1724 1043 1766 est,
1067 1731 1165 1756 nunc
1187 1730 1276 1755 vero

99 1784 265 1819 fecerunt
298 1786 438 1818 motum
475 1785 628 1826 rectum,
661 1785 696 1817 et
730 1792 795 1827 per
827 1782 959 1816 lineam
995 1784 1130 1816 rectam
1165 1790 1277 1815 vene-

101 1847 186 1878 runt
215 1842 439 1878 velocissime
466 1841 510 1876 ad
538 1851 612 1886 305,
634 1843 719 1885 μνία
753 1842 958 1875 commodato
991 1842 1024 1874 in
1056 1841 1105 1883 yle?
1130 1840 1191 1873 alli
1222 1849 1277 1872 se—

100 1904 208 1948 rafim‘
223 1916 236 1948 ;
264 1903 332 1938 hoc
358 1902 442 1937 dicit
470 1902 554 1947 quia
583 1905 779 1936 moventur
807 1900 1008 1935 secundum
1042 1902 1181 1934 motum
1211 1909 1277 1934 an-

101 1963 268 2009 gelorum
299 1961 525 1997 moventium
554 1960 650 1995 illam
679 1970 837 2005 speram,
861 1963 900 1994 ut
927 1959 1047 1993 statim
1071 1958 1213 1993 dicitur.
1235 1958 1277 1993 Et

101 2023 271 2069 exprimit
297 2026 444 2057 cautum
475 2031 584 2066 quem
613 2030 723 2065 supra
752 2020 919 2065 tetigerat
948 2029 1011 2065 per
1034 2018 1277 2064 comparatio-

101 2092 184 2117 nem
213 2092 358 2125 vocum,
386 2081 526 2115 dicens:
560 2083 600 2114 El
636 2081 790 2114 Osanna.
824 2079 892 2114 Ista
926 2089 993 2114 vox
1030 2078 1197 2114 hebraica
1231 2078 1278 2113 si-

100 2142 245 2189 gnificat
274 2142 490 2176 immensam
519 2139 749 2175 allectionem
787 2138 917 2174 mentis
951 2149 1033 2184 quae
1062 2148 1133 2173 non
1160 2141 1277 2184 potest

163 2272 191 2301 (¹)
210 2272 239 2295 E.
258 2277 398 2295 recessum.
653 2269 680 2299 (²)
699 2270 727 2293 E.
746 2270 932 2294 invisibilitatis.
