1766 2856
507 255 576 287 164
869 257 1072 283 COMENTUM
1099 255 1318 282 PL‘RGATORII

505 343 666 376 accefflm
681 333 739 366 che
759 332 790 365 st
811 340 937 365 innova
952 330 1066 364 bruna
1084 329 1198 364 bruna
1215 332 1303 363 sollo
1324 329 1345 362 l’
1359 328 1481 362 ombra
1492 330 1682 372 mimula,-

506 393 585 428 vult
612 392 733 427 dicere
761 390 858 436 quod
887 393 985 425 tanta
1019 392 1072 425 est
1100 389 1147 424 ibi
1177 388 1334 424 densitas
1365 387 1553 432 arborum,
1581 386 1678 432 quod

506 463 552 488 ex
580 451 807 488 connexione
835 461 1026 486 ramorum
1056 449 1144 485 radii
1171 448 1254 484 solis
1277 448 1334 483 vel
1361 448 1457 482 lunae
1487 450 1681 493 penetrare

506 523 577 549 non
606 515 779 558 possunt3
808 510 906 546 unde
932 510 1035 546 dicit:
1055 511 1112 544 elce
1131 511 1202 544 mat*
1222 510 1373 553 rayffl'ar
1391 518 1461 543 non
1484 509 1592 542 [ascia
1610 507 1681 541 sole

505 575 562 616 ivi,
589 570 633 607 ne*
658 573 753 616 lema,
783 574 819 607 et
845 581 910 617 per
937 580 1164 615 consequens
1188 580 1254 605 nec
1277 569 1334 605 die
1355 579 1421 604 nec
1440 570 1545 604 nocte
1564 569 1680 613 potest

505 642 585 668 esse
612 631 659 667 ibi
686 632 749 666 lux
767 628 802 675 (¹)
831 630 1004 676 maxima,
1025 640 1092 665 nec
1119 629 1166 665 ibi
1194 633 1247 665 est
1265 630 1364 665 calor
1384 629 1441 664 vel
1469 628 1594 674 frigus7
1616 626 1679 662 sed

505 692 679 729 continua
707 690 925 737 temperies:
956 690 1021 725 ista
1050 690 1145 725 enim
1174 699 1271 734 aqua
1298 688 1433 724 inducit
1459 688 1678 724 oblivionem

504 755 753 800 peccatorum.

582 813 642 847 Coi
665 810 729 855 piel
758 811 827 845 Ista
855 813 909 845 est
936 809 1095 845 secunda
1127 819 1210 855 pars
1244 809 1280 844 in
1312 819 1384 854 qua
1417 812 1523 854 poeta
1557 810 1680 843 noster

504 871 674 908 describit
703 870 906 905 mirabilem
935 870 1121 905 dominam
1150 879 1262 915 quam
1294 868 1429 914 reperit
1455 868 1502 903 ibi
1529 871 1681 903 cantan—

506 936 580 968 tem
615 934 649 967 et
685 931 792 965 ssores
827 929 1067 976 colligentem.
1106 930 1148 964 Et
1181 929 1226 965 ad
1265 928 1535 976 intelligendam
1574 927 1679 973 plene

505 992 610 1027 istam
637 991 795 1026 nobilem
816 993 969 1036 partem,
991 990 1072 1025 volo
1092 989 1210 1036 primo
1240 993 1274 1025 te
1301 993 1429 1024 notare
1456 988 1553 1034 quod
1572 991 1680 1024 autor

506 1062 603 1087 nunc
630 1051 785 1087 ostendit
813 1060 851 1086 se
879 1050 1003 1086 videre
1030 1050 1075 1086 de
1102 1050 1195 1086 sacto
1222 1050 1320 1085 illam
1348 1049 1545 1093 dominam,
1566 1058 1678 1093 quam

507 1111 676 1157 superius
703 1110 859 1145 finxerat
886 1120 924 1145 se
952 1110 1080 1145 vidisse
1108 1110 1143 1144 in
1171 1120 1299 1145 somno
1327 1109 1362 1144 in
1390 1108 1519 1144 eodem
1555 1107 1679 1143 habitu

506 1175 542 1208 et
569 1174 664 1206 actu.
692 1170 776 1205 Haee
804 1173 857 1205 est
885 1180 974 1216 ergo
1001 1169 1182 1205 comitissa
1214 1169 1400 1213 Mathildis‚
1433 1178 1516 1213 quae
1549 1168 1680 1203 devota

504 1230 576 1266 filia
602 1230 699 1266 Petri
718 1240 783 1275 pro
803 1232 921 1264 matre
940 1229 1091 1264 ecclesia
1119 1239 1264 1275 semper
1290 1228 1335 1264 de
1362 1228 1525 1263 hostibus
1548 1227 1680 1262 trium—

505 1291 638 1337 phavit.
667 1290 736 1325 Ista
764 1300 853 1336 ergo
881 1292 1029 1335 propter
1057 1288 1308 1324 excellentiam
1342 1298 1419 1323 sua}
1452 1287 1595 1322 virtutis
1627 1286 1681 1321 in-

505 1351 651 1387 ducitur
671 1350 738 1395 hio,
755 1354 795 1385 ut
813 1350 941 1385 doceat
962 1352 997 1385 et
1015 1349 1180 1384 ostendat
1197 1348 1338 1384 animas
1359 1351 1533 1394 purgatas
1551 1357 1681 1382 ascen-

506 1422 611 1446 suras
646 1411 692 1446 ad
723 1411 871 1455 coelum,
903 1413 1074 1456 oportere
1109 1408 1262 1444 transire
1296 1418 1360 1454 per
1394 1407 1584 1443 ecclesiam
1617 1406 1681 1442 Dei

506 1472 723 1507 militantem
753 1471 934 1506 mediante
962 1469 1190 1505 balneatione
1208 1469 1367 1504 duarum
1387 1478 1571 1513 aquarum
1599 1476 1682 1512 quae

506 1532 562 1568 hic
595 1531 856 1575 inveniuntur3
889 1531 938 1565 sic
969 1530 1057 1565 Cato
1078 1525 1113 1573 (Ξ)
1148 1529 1293 1574 ponitur
1326 1529 1361 1563 in
1401 1528 1549 1563 introitu
1590 1538 1681 1573 pur-

504 1591 634 1638 gatorii
670 1591 715 1626 ad
748 1589 1028 1636 praeparandum
1067 1589 1207 1624 animas
1240 1588 1285 1623 ad
1319 1598 1512 1624 ascensum
1551 1587 1682 1623 montis

505 1662 569 1698 per
597 1651 771 1686 lotionem
801 1650 912 1685 faciei.
941 1649 993 1684 Ad
1013 1649 1155 1684 literam
1176 1659 1265 1694 ergo
1287 1648 1371 1683 dicit
1393 1651 1517 1693 poeta:
1544 1650 1604 1682 Coi
1623 1645 1684 1692 pie*

505 1713 638 1755 rislelli,
666 1711 766 1755 idest,
795 1710 936 1745 firmavi
968 1720 1025 1745 me
1054 1709 1088 1744 in
1118 1709 1193 1754 ripa
1222 1708 1391 1753 [luminis.
1427 1719 1444 1742 e
1466 1710 1590 1752 passae?
1615 1718 1682 1742 con

504 1774 553 1817 {lli
577 1773 671 1807 occlzi
689 1773 725 1806 (Ii
743 1767 777 1806 ld
797 1772 859 1805 dal
872 1771 1067 1815 flumicello,
1091 1769 1235 1814 scilicet⁷
1255 1769 1455 1813 Lethaeum,
1476 1778 1586 1813 quem
1602 1768 1680 1813 jam

506 1832 648 1868 vocavit
677 1832 809 1876 rivum,
841 1842 908 1876 per
935 1832 1080 1873 mirare,
1103 1839 1188 1865 cum
1209 1829 1300 1873 visu,
1326 1830 1361 1863 Ia
1379 1839 1474 1872 yrun
1495 1829 1678 1863 varia-<ion

505 1894 541 1929 dt
564 1893 693 1938 frescln'
720 1893 802 1935 mai,
831 1891 930 1936 idest,
960 1890 1154 1926 virentium
1184 1899 1388 1934 ramorum,
1411 1888 1473 1934 qui
1501 1892 1605 1924 erant
1626 1887 1681 1923 di-

505 1954 601 1990 versi
629 1954 665 1988 in
692 1953 827 1997 colore,
846 1951 970 1995 odore,
990 1954 1026 1986 et
1044 1959 1174 1996 sapore
1196 1949 1404 1985 fructuum:
1424 1952 1460 1984 et
1479 1948 1557 1984 talis
1580 1948 1680 1983 locus

505 2015 599 2050 bene
626 2013 794 2049 convenit
822 2013 963 2056 locato3
1000 2011 1095 2046 unde
1128 2010 1228 2045 dicit:
1256 2020 1274 2044 e
1305 2006 1327 2044 ll
1359 2010 1576 2053 m’apparve
1610 2018 1680 2043 una

506 2076 625 2109 donna
652 2075 784 2116 solata,
812 2072 912 2117 idest,
940 2071 1119 2115 solitaria;
1148 2073 1183 2106 et
1216 2080 1303 2105 vere
1336 2069 1402 2104 ista
1435 2069 1582 2105 domina
1609 2078 1681 2104 nou

506 2134 631 2170 habuit
659 2133 794 2168 sociam
830 2133 865 2167 iu
899 2131 997 2167 ltalia
1028 2131 1104 2177 jam
1141 2134 1305 2176 tempore
1338 2129 1472 2174 mult03
1507 2129 1580 2164 imo
1614 2138 1681 2164 nec

506 2195 626 2230 virum
655 2193 719 2228 sibi
748 2193 901 2227 similem
930 2192 965 2226 in
994 2191 1140 2236 virtute,
1159 2192 1216 2225 che
1238 2192 1268 2225 si
1287 2186 1345 2234 gyla
1368 2191 1568 2233 cantando;
1595 2188 1680 2234 quid

571 2325 596 2356 (¹)
617 2327 667 2353 ¹17,
687 2324 730 2347 lux
749 2330 848 2353 magna.
1102 2319 1127 2347 ι’)
1146 2320 1174 2344 Ε.
1192 2321 1257 2343 sicut
1274 2319 1343 2344 Cato.
