1737 2836
366 239 501 264 CANTL‘S
527 239 742 265 Tmonsnuus
768 240 928 265 TERTst‘s.
1160 233 1228 264 285

61 312 129 347 tuit
147 322 256 357 supra
276 312 432 358 capitulo
454 312 604 356 XXVIII,
626 312 685 346 ubi
705 312 770 348 ista
789 312 934 347 domina
963 312 1140 347 subtiliter
1158 311 1229 347 dis—

59 371 172 407 seruit
195 372 308 406 multa
336 372 380 407 de
407 375 536 406 natura
559 376 594 406 et
618 372 750 407 virtute
778 372 886 406 liuius
914 372 992 407 loci.
1023 373 1063 407 Et
1090 373 1174 417 quia
1193 368 1227 415 (⁴3

58 431 150 466 forte
178 431 368 466 videbatur
396 441 499 476 posse
526 431 664 466 dicere:
692 431 861 476 quamvis
889 431 954 467 ista
981 431 1115 467 dlxeriS
1142 431 1228 466 mihi

59 494 183 526 tamen
210 491 295 536 quia
322 491 450 537 potasti
478 501 536 526 me
563 491 709 526 Letliaeo
732 501 803 525 non
827 491 994 536 memini:
1022 491 1104 527 dicit
1132 492 1226 537 ipsa:

57 561 74 585 e
107 560 171 584 son
197 551 328 593 sicum,
356 550 457 595 quasi
485 550 589 594 dicat,
624 550 697 585 scio
732 550 896 594 firmiter,
923 552 981 585 che
1013 553 1161 595 l’acqua
1193 553 1229 587 di

58 612 155 645 Leleo
182 620 250 644 non
277 612 358 653 ylt'el
383 621 544 654 nascose‚·
565 610 649 655 quia
678 610 767 645 tollit
796 610 1012 645 memorIam
1043 611 1225 646 malorum

59 673 199 705 tantum
230 673 263 705 et
288 681 358 705 non
388 670 580 705 bonorum.
596 691 644 695 —
658 673 688 704 E
704 672 871 705 Beatrz'ce.
892 670 955 706 Hic
976 674 1082 716 poeta
1105 674 1227 706 osten—

57 729 107 765 dit
126 729 282 775 qualiter
301 730 445 764 Beatrix
465 730 694 765 excusaverit
713 740 799 765 eum
818 730 887 766 alia
908 730 1059 775 ratione,
1075 734 1110 766 et
1132 741 1226 777 prae-

57 789 193 835 ceperit
210 784 243 832 β)
274 789 370 834 quod
400 793 631 836 mergeretur
659 790 693 824 in
720 789 790 825 alto
821 800 916 825 novo
948 790 1107 826 flumine.
1136 790 1227 826 Dicit

56 859 169 895 ergo:
197 860 215 883 e
241 851 409 893 Beathce,
446 850 582 895 supple,
609 850 697 884 dixit
731 850 908 884 Mathildi:
934 852 1031 895 forse
1063 852 1227 894 mayyior

56 920 156 953 cura,
186 909 271 953 quia
300 909 383 943 vidit
411 913 533 954 postea
557 913 609 944 tot
629 909 806 945 mirabilia
830 920 974 956 magna,
994 911 1086 945 sicut
1115 910 1226 945 victo—

58 978 135 1004 rem
172 968 387 1012 exercitum,
420 979 572 1003 currum
611 969 880 1014 triumphalem,
921 969 1052 1006 ducem
1094 970 1226 1005 trium-

56 1029 227 1074 phantem
256 1031 291 1063 et
320 1028 402 1063 talia
431 1028 564 1072 multa;
593 1028 672 1064 ideo
704 1029 808 1064 dicit:
841 1031 898 1064 elle
930 1041 1043 1075 spesse
1076 1032 1160 1065 volte
1193 1032 1227 1065 la

57 1089 225 1122 memoria
248 1089 366 1132 priva,
396 1088 597 1132 actualiter,
627 1090 714 1133 fallo
745 1090 789 1123 Ιια
817 1091 852 1124 [α
880 1094 987 1124 mente
1015 1100 1092 1135 sua,
1124 1090 1225 1134 idest,

56 1147 137 1183 fecit
161 1147 376 1183 memoriam
400 1148 533 1191 Dantis,
553 1150 643 1191 neylc‘
660 1150 754 1183 Oeclei
772 1160 911 1193 oscum,
931 1154 967 1185 et
990 1150 1087 1195 quod
1116 1151 1223 1186 habet

57 1207 92 1242 in
111 1207 289 1243 memoria
309 1207 433 1243 videre
454 1218 524 1242 non
543 1208 674 1253 credit3
695 1209 756 1244 sed
776 1209 820 1244 de
843 1210 910 1245 hoo
933 1221 1004 1245 non
1024 1211 1144 1255 plura:
1165 1221 1222 1245 ma

56 1269 132 1302 vedi
157 1266 277 1302 Eunoe*
301 1269 359 1302 clze
377 1263 410 1302 lc}
430 1269 558 1312 (lirim,
583 1271 710 1304 contra
733 1269 895 1314 Lethem,
915 1272 1050 1304 menalo
1069 1272 1118 1305 ad
1135 1282 1223 1314 esso,

55 1338 77 1363 o
103 1327 288 1371 Mathssdis,
315 1338 332 1361 e
358 1329 520 1370 ramum,
549 1327 648 1372 idest,
681 1329 867 1374 resuscita,
900 1330 1068 1376 revigora
1097 1334 1136 1365 ut
1163 1330 1223 1366 fiat

55 1387 292 1432 susceptibilis
310 1387 444 1421 summi
467 1387 561 1431 boni,
582 1389 614 1421 la
637 1385 724 1422 virt&
742 1398 805 1422 sua
825 1391 1037 1432 lramorlila,
1053 1400 1124 1425 non
1140 1389 1225 1425 dicit

56 1450 253 1490 mortuam,
281 1446 342 1482 sed
370 1447 455 1491 qula
480 1446 650 1481 dormivit
669 1447 714 1482 ad
735 1451 888 1493 temqu
911 1459 1005 1483 come
1029 1453 1062 1484 [ιι
1080 1451 1125 1483 se'
1141 1460 1224 1493 usa,-

56 1516 140 1541 nam
168 1506 328 1541 officium
362 1509 465 1541 tuum
495 1510 548 1541 est
582 1506 758 1541 reducere
789 1508 1007 1542 memoriam
1042 1509 1221 1544 bonarum

55 1565 328 1611 operationum3
348 1575 436 1611 ergo
456 1565 547 1600 vade
566 1569 600 1601 et
624 1566 704 1601 lava
730 1566 847 1611 ipsum
868 1570 903 1602 et
923 1570 1004 1612 pota
1025 1567 1060 1602 in
1080 1569 1147 1603 hoc
1166 1578 1224 1604 se-

54 1625 173 1661 cundo
188 1625 350 1669 flumine,
364 1625 456 1661 sicut
473 1625 583 1660 fecisti
599 1625 633 1660 in
646 1625 772 1671 primo.
788 1626 827 1660 Et
843 1626 963 1661 subdit
978 1627 1134 1671 qualiter
1149 1628 1226 1662 Ma-

54 1685 171 1720 thildis
198 1685 369 1720 continuo
397 1684 479 1720 fecit
506 1684 791 1730 exequutionem
827 1685 984 1721 mandati
1014 1696 1077 1732 per
1112 1697 1222 1722 unam

55 1745 210 1780 nobilem
240 1745 560 1790 comparationem,
581 1755 664 1789 quae
689 1745 849 1780 breviter
876 1750 945 1781 stat
969 1746 1003 1780 in
1028 1747 1105 1791 hoc,
1125 1746 1223 1791 quod

54 1804 227 1839 Mathildis
255 1804 336 1839 fecit
363 1804 454 1839 sicut
482 1804 609 1839 nobilis
635 1805 763 1840 ancilla
788 1815 871 1850 quae
893 1816 965 1840 non
994 1809 1047 1841 est
1073 1816 1179 1841 serva
1201 1816 1222 1841 a

55 1867 199 1909 natura,
220 1864 276 1899 vel
296 1864 452 1907 fortuna,
472 1864 528 1898 vel
548 1863 639 1909 lege,
659 1864 721 1899 sed
740 1864 971 1899 solummodo
998 1875 1041 1900 ex
1072 1875 1160 1900 vero
1188 1868 1224 1899 et

54 1924 196 1959 sincero
222 1934 350 1959 amore
376 1933 486 1968 quem
514 1923 622 1958 habet
649 1923 693 1958 ad
722 1923 885 1969 reginam
906 1924 1089 1959 excelsam
1110 1924 1222 1959 liben-

55 1987 111 2019 ter
130 1986 165 2018 et
184 1986 349 2029 prompte
369 1983 445 2018 sine
464 1982 535 2017 ulla
557 1992 659 2017 mora
679 1982 849 2028 adimplet
870 1983 962 2018 illius
988 1983 1223 2028 voluntatem,

55 2043 216 2079 maxime
242 2043 388 2088 quando
408 2042 614 2088 praecipitur
642 2042 706 2076 sibi
732 2052 788 2077 res
811 2043 1063 2078 honestissima
1083 2053 1148 2088 pro
1167 2053 1224 2078 sa-

56 2103 132 2138 lute
157 2103 318 2147 alterius,
342 2102 434 2137 sicut
452 2105 531 2137 erat
551 2101 584 2136 in
605 2101 769 2146 praesenti
791 2102 983 2148 proposito.
1006 2102 1098 2137 Dicit
1116 2113 1223 2148 ergffl

55 2164 91 2198 la
117 2163 204 2197 bella
229 2163 361 2206 donna,
392 2165 427 2197 et
453 2162 558 2197 cuius
584 2171 694 2206 opera
723 2162 848 2207 pulcra
876 2166 970 2206 sunt,
999 2164 1140 2197 mossesz‘
1162 2164 1222 2206 poi

118 2290 143 2319 (']
164 2293 215 2318 1¹7,
234 2291 292 2320 quia
311 2293 384 2320 poeta
402 2290 476 2314 forte.
751 2290 775 2318 (²)
795 2291 822 2314 E.
842 2291 970 2321 praecepit.
