<?xml version="1.0" encoding="UTF-8"?>
<!DOCTYPE html PUBLIC "-//W3C//DTD XHTML 1.0 Transitional//EN"
    "http://www.w3.org/TR/xhtml1/DTD/xhtml1-transitional.dtd">
<html xmlns="http://www.w3.org/1999/xhtml" xml:lang="en" lang="en">
 <head>
  <title>
</title>
<meta http-equiv="Content-Type" content="text/html;charset=utf-8" />
  <meta name='ocr-system' content='tesseract 3.04.00' />
  <meta name='ocr-capabilities' content='ocr_page ocr_carea ocr_par ocr_line ocrx_word'/>
</head>
<body>
  <div class='ocr_page' id='page_1' title='image "./comentumsuperdan04benvuoft_0201.png"; bbox 0 0 1737 2836; ppageno 0'>
   <div class='ocr_carea' id='block_1_1' title="bbox 379 251 1213 282">
    <p class='ocr_par' dir='ltr' id='par_1_1' title="bbox 379 251 1213 282">
     <span class='ocr_line' id='line_1_1' title="bbox 379 251 1213 282; baseline -0.001 -2"><span class='ocrx_word' id='word_1_1' title='bbox 379 256 514 281; x_wconf 75' lang='lat' dir='ltr'>CANTUS</span> <span class='ocrx_word' id='word_1_2' title='bbox 541 256 729 282; x_wconf 65' lang='lat' dir='ltr'>YJGESIMUS</span> <span class='ocrx_word' id='word_1_3' title='bbox 755 257 882 282; x_wconf 84' lang='lat' dir='ltr'><strong>NONUS.</strong></span> <span class='ocrx_word' id='word_1_4' title='bbox 1147 251 1213 282; x_wconf 74' lang='grc'>189</span> 
     </span>
    </p>
   </div>
   <div class='ocr_carea' id='block_1_2' title="bbox 44 326 1216 2224">
    <p class='ocr_par' dir='ltr' id='par_1_2' title="bbox 44 326 1216 2224">
     <span class='ocr_line' id='line_1_2' title="bbox 49 326 1216 373; baseline 0.002 -11"><span class='ocrx_word' id='word_1_5' title='bbox 49 331 137 363; x_wconf 90' lang='lat' dir='ltr'>tum.</span> <span class='ocrx_word' id='word_1_6' title='bbox 154 328 243 363; x_wconf 82' lang='lat' dir='ltr'>Dicit</span> <span class='ocrx_word' id='word_1_7' title='bbox 257 339 365 373; x_wconf 78' lang='lat' dir='ltr'>ergo:</span> <span class='ocrx_word' id='word_1_8' title='bbox 386 331 446 363; x_wconf 78' lang='lat' dir='ltr'>JIa</span> <span class='ocrx_word' id='word_1_9' title='bbox 465 330 498 363; x_wconf 87' lang='lat' dir='ltr'>la</span> <span class='ocrx_word' id='word_1_10' title='bbox 520 326 614 364; x_wconf 63' lang='lat' dir='ltr'>certic</span> <span class='ocrx_word' id='word_1_11' title='bbox 632 328 710 362; x_wconf 77' lang='lat' dir='ltr'>cle’a</span> <span class='ocrx_word' id='word_1_12' title='bbox 732 331 859 373; x_wconf 69' lang='lat' dir='ltr'>rayion</span> <span class='ocrx_word' id='word_1_13' title='bbox 878 331 1034 364; x_wconf 79' lang='lat' dir='ltr'>‹le&#39;scorso</span> <span class='ocrx_word' id='word_1_14' title='bbox 1053 340 1216 364; x_wconf 74' lang='grc' dir='ltr'><em>ιιηιηιαη-</em></span> 
     </span>
     <span class='ocr_line' id='line_1_3' title="bbox 47 387 1214 432; baseline 0.003 -11"><span class='ocrx_word' id='word_1_15' title='bbox 47 398 108 431; x_wconf 77' lang='lat' dir='ltr'>na,</span> <span class='ocrx_word' id='word_1_16' title='bbox 123 387 223 431; x_wconf 89' lang='lat' dir='ltr'>idest,</span> <span class='ocrx_word' id='word_1_17' title='bbox 240 387 353 422; x_wconf 85' lang='lat' dir='ltr'>virtus</span> <span class='ocrx_word' id='word_1_18' title='bbox 369 387 479 422; x_wconf 87' lang='lat' dir='ltr'>visiva</span> <span class='ocrx_word' id='word_1_19' title='bbox 495 398 576 432; x_wconf 83' lang='lat' dir='ltr'>quae</span> <span class='ocrx_word' id='word_1_20' title='bbox 599 388 806 423; x_wconf 76' lang='lat' dir='ltr'>transmittit</span> <span class='ocrx_word' id='word_1_21' title='bbox 826 388 977 424; x_wconf 86' lang='lat' dir='ltr'>interius</span> <span class='ocrx_word' id='word_1_22' title='bbox 995 389 1040 424; x_wconf 88' lang='lat' dir='ltr'>ad</span> <span class='ocrx_word' id='word_1_23' title='bbox 1054 389 1214 424; x_wconf 89' lang='lat' dir='ltr'>animam</span> 
     </span>
     <span class='ocr_line' id='line_1_4' title="bbox 47 447 1214 493; baseline 0.002 -11"><span class='ocrx_word' id='word_1_24' title='bbox 47 447 202 492; x_wconf 85' lang='lat' dir='ltr'>speciem</span> <span class='ocrx_word' id='word_1_25' title='bbox 224 447 275 482; x_wconf 86' lang='lat' dir='ltr'>rei</span> <span class='ocrx_word' id='word_1_26' title='bbox 296 448 390 492; x_wconf 77' lang='lat' dir='ltr'>visae,</span> <span class='ocrx_word' id='word_1_27' title='bbox 405 450 438 482; x_wconf 88' lang='lat' dir='ltr'>et</span> <span class='ocrx_word' id='word_1_28' title='bbox 459 447 507 482; x_wconf 90' lang='lat' dir='ltr'>sic</span> <span class='ocrx_word' id='word_1_29' title='bbox 526 451 706 493; x_wconf 75' lang='lat' dir='ltr'>praeparat</span> <span class='ocrx_word' id='word_1_30' title='bbox 724 448 928 483; x_wconf 81' lang='lat' dir='ltr'>discursum</span> <span class='ocrx_word' id='word_1_31' title='bbox 950 449 1077 484; x_wconf 88' lang='lat' dir='ltr'>rationi</span> <span class='ocrx_word' id='word_1_32' title='bbox 1097 449 1141 484; x_wconf 89' lang='lat' dir='ltr'>ad</span> <span class='ocrx_word' id='word_1_33' title='bbox 1161 449 1214 484; x_wconf 89' lang='lat' dir='ltr'>in-</span> 
     </span>
     <span class='ocr_line' id='line_1_5' title="bbox 48 505 1213 553; baseline 0.003 -13"><span class='ocrx_word' id='word_1_34' title='bbox 48 506 298 552; x_wconf 71' lang='lat' dir='ltr'>telligendum,</span> <span class='ocrx_word' id='word_1_35' title='bbox 315 508 382 551; x_wconf 78' lang='lat' dir='ltr'>vel,</span> <span class='ocrx_word' id='word_1_36' title='bbox 398 508 432 541; x_wconf 85' lang='lat' dir='ltr'>la</span> <span class='ocrx_word' id='word_1_37' title='bbox 449 505 555 549; x_wconf 64' lang='lat' dir='ltr'>vercel,</span> <span class='ocrx_word' id='word_1_38' title='bbox 566 506 708 551; x_wconf 89' lang='lat' dir='ltr'>scilicet,</span> <span class='ocrx_word' id='word_1_39' title='bbox 720 507 923 552; x_wconf 73' lang='lat' dir='ltr'>discretiva,</span> <span class='ocrx_word' id='word_1_40' title='bbox 939 519 1098 552; x_wconf 76' lang='lat' dir='ltr'>apprese,</span> <span class='ocrx_word' id='word_1_41' title='bbox 1113 509 1213 553; x_wconf 82' lang='lat' dir='ltr'>idest,</span> 
     </span>
     <span class='ocr_line' id='line_1_6' title="bbox 47 563 1212 614; baseline 0.002 -12"><span class='ocrx_word' id='word_1_42' title='bbox 47 568 331 612; x_wconf 85' lang='lat' dir='ltr'>comprehendit,</span> <span class='ocrx_word' id='word_1_43' title='bbox 349 563 376 601; x_wconf 74' lang='lat' dir='ltr'>sl</span> <span class='ocrx_word' id='word_1_44' title='bbox 395 569 481 601; x_wconf 81' lang='lat' dir='ltr'>com&#39;</span> <span class='ocrx_word' id='word_1_45' title='bbox 496 568 550 602; x_wconf 80' lang='lat' dir='ltr'>elli</span> <span class='ocrx_word' id='word_1_46' title='bbox 568 577 655 601; x_wconf 83' lang='lat' dir='ltr'>eran</span> <span class='ocrx_word' id='word_1_47' title='bbox 673 568 876 602; x_wconf 73' lang='lat' dir='ltr'>candelabri</span> <span class='ocrx_word' id='word_1_48' title='bbox 904 578 1001 612; x_wconf 70' lang='lat' dir='ltr'>vere,</span> <span class='ocrx_word' id='word_1_49' title='bbox 1026 580 1055 611; x_wconf 80' lang='lat' dir='ltr'>e,</span> <span class='ocrx_word' id='word_1_50' title='bbox 1078 572 1212 614; x_wconf 82' lang='lat' dir='ltr'>repete,</span> 
     </span>
     <span class='ocr_line' id='line_1_7' title="bbox 46 627 1214 672; baseline 0 -10"><span class='ocrx_word' id='word_1_51' title='bbox 46 627 281 672; x_wconf 79' lang='lat' dir='ltr'>apprehendit</span> <span class='ocrx_word' id='word_1_52' title='bbox 300 630 458 671; x_wconf 78' lang='lat' dir='ltr'>Osanna,</span> <span class='ocrx_word' id='word_1_53' title='bbox 472 628 556 662; x_wconf 84' lang='lat' dir='ltr'>nelle</span> <span class='ocrx_word' id='word_1_54' title='bbox 575 628 649 661; x_wconf 70' lang='lat' dir='ltr'>voci</span> <span class='ocrx_word' id='word_1_55' title='bbox 670 629 726 662; x_wconf 82' lang='lat' dir='ltr'>del</span> <span class='ocrx_word' id='word_1_56' title='bbox 741 631 878 671; x_wconf 70' lang='lat' dir='ltr'>cantor,</span> <span class='ocrx_word' id='word_1_57' title='bbox 900 628 1002 672; x_wconf 85' lang='lat' dir='ltr'>quasi</span> <span class='ocrx_word' id='word_1_58' title='bbox 1021 627 1114 662; x_wconf 83' lang='lat' dir='ltr'>dicat</span> <span class='ocrx_word' id='word_1_59' title='bbox 1130 640 1137 662; x_wconf 86' lang='lat'>:</span> <span class='ocrx_word' id='word_1_60' title='bbox 1159 629 1214 663; x_wconf 90' lang='lat' dir='ltr'>in-</span> 
     </span>
     <span class='ocr_line' id='line_1_8' title="bbox 47 686 1214 732; baseline 0 -11"><span class='ocrx_word' id='word_1_61' title='bbox 47 687 166 722; x_wconf 77' lang='lat' dir='ltr'>tellexi</span> <span class='ocrx_word' id='word_1_62' title='bbox 187 687 221 721; x_wconf 92' lang='lat' dir='ltr'>in</span> <span class='ocrx_word' id='word_1_63' title='bbox 242 687 389 722; x_wconf 87' lang='lat' dir='ltr'>vocibus</span> <span class='ocrx_word' id='word_1_64' title='bbox 407 687 615 722; x_wconf 89' lang='lat' dir='ltr'>canentium</span> <span class='ocrx_word' id='word_1_65' title='bbox 643 686 739 731; x_wconf 93' lang='lat' dir='ltr'>quod</span> <span class='ocrx_word' id='word_1_66' title='bbox 765 687 958 722; x_wconf 77' lang='lat' dir='ltr'>cantabant</span> <span class='ocrx_word' id='word_1_67' title='bbox 986 687 1159 732; x_wconf 76' lang='lat' dir='ltr'>hosanna,</span> <span class='ocrx_word' id='word_1_68' title='bbox 1178 692 1214 722; x_wconf 89' lang='lat' dir='ltr'>et</span> 
     </span>
     <span class='ocr_line' id='line_1_9' title="bbox 47 746 1213 792; baseline -0.001 -11"><span class='ocrx_word' id='word_1_69' title='bbox 47 747 158 791; x_wconf 71' lang='lat' dir='ltr'>bene,</span> <span class='ocrx_word' id='word_1_70' title='bbox 184 757 267 781; x_wconf 88' lang='lat' dir='ltr'>nam</span> <span class='ocrx_word' id='word_1_71' title='bbox 296 748 467 792; x_wconf 84' lang='lat' dir='ltr'>hosanna,</span> <span class='ocrx_word' id='word_1_72' title='bbox 489 746 576 782; x_wconf 87' lang='lat' dir='ltr'>idest</span> <span class='ocrx_word' id='word_1_73' title='bbox 595 746 764 790; x_wconf 81' lang='lat' dir='ltr'>salvifica,</span> <span class='ocrx_word' id='word_1_74' title='bbox 784 746 880 791; x_wconf 90' lang='lat' dir='ltr'>quod</span> <span class='ocrx_word' id='word_1_75' title='bbox 907 756 1052 792; x_wconf 89' lang='lat' dir='ltr'>semper</span> <span class='ocrx_word' id='word_1_76' title='bbox 1081 747 1213 781; x_wconf 86' lang='lat' dir='ltr'>clamat</span> 
     </span>
     <span class='ocr_line' id='line_1_10' title="bbox 47 806 1211 852; baseline -0.002 -10"><span class='ocrx_word' id='word_1_77' title='bbox 47 806 195 842; x_wconf 84' lang='lat' dir='ltr'>ecclesia</span> <span class='ocrx_word' id='word_1_78' title='bbox 216 807 370 842; x_wconf 79' lang='lat' dir='ltr'>militans</span> <span class='ocrx_word' id='word_1_79' title='bbox 398 817 462 852; x_wconf 88' lang='lat' dir='ltr'>per</span> <span class='ocrx_word' id='word_1_80' title='bbox 488 816 615 842; x_wconf 89' lang='lat' dir='ltr'>omnes</span> <span class='ocrx_word' id='word_1_81' title='bbox 637 817 720 841; x_wconf 90' lang='lat' dir='ltr'>suas</span> <span class='ocrx_word' id='word_1_82' title='bbox 738 806 845 851; x_wconf 88' lang='lat' dir='ltr'>acies,</span> <span class='ocrx_word' id='word_1_83' title='bbox 868 806 1031 841; x_wconf 87' lang='lat' dir='ltr'>videlicet</span> <span class='ocrx_word' id='word_1_84' title='bbox 1058 807 1211 841; x_wconf 87' lang='lat' dir='ltr'>salutem</span> 
     </span>
     <span class='ocr_line' id='line_1_11' title="bbox 46 863 1211 911; baseline -0.001 -10"><span class='ocrx_word' id='word_1_85' title='bbox 46 867 229 911; x_wconf 88' lang='lat' dir='ltr'>omnium;</span> <span class='ocrx_word' id='word_1_86' title='bbox 253 868 391 910; x_wconf 74' lang='lat' dir='ltr'>quando</span> <span class='ocrx_word' id='word_1_87' title='bbox 407 868 460 911; x_wconf 76' lang='lat' dir='ltr'>fui</span> <span class='ocrx_word' id='word_1_88' title='bbox 476 863 503 900; x_wconf 75' lang='lat' dir='ltr'>sl</span> <span class='ocrx_word' id='word_1_89' title='bbox 518 877 641 910; x_wconf 77' lang='lat' dir='ltr'>presso</span> <span class='ocrx_word' id='word_1_90' title='bbox 660 868 696 900; x_wconf 71' lang='lat' dir='ltr'>di</span> <span class='ocrx_word' id='word_1_91' title='bbox 713 868 767 901; x_wconf 77' lang='lat' dir='ltr'>lor</span> <span class='ocrx_word' id='word_1_92' title='bbox 783 869 884 911; x_wconf 74' lang='lat' dir='ltr'>sallo,</span> <span class='ocrx_word' id='word_1_93' title='bbox 911 866 995 911; x_wconf 90' lang='lat' dir='ltr'>quia</span> <span class='ocrx_word' id='word_1_94' title='bbox 1018 866 1211 901; x_wconf 79' lang='lat' dir='ltr'>veniebant</span> 
     </span>
     <span class='ocr_line' id='line_1_12' title="bbox 45 926 1214 972; baseline -0.003 -10"><span class='ocrx_word' id='word_1_95' title='bbox 45 929 172 962; x_wconf 82' lang='lat' dir='ltr'>contra</span> <span class='ocrx_word' id='word_1_96' title='bbox 192 936 262 970; x_wconf 89' lang='lat' dir='ltr'>me,</span> <span class='ocrx_word' id='word_1_97' title='bbox 290 927 348 960; x_wconf 75' lang='lat' dir='ltr'>che</span> <span class='ocrx_word' id='word_1_98' title='bbox 366 926 517 960; x_wconf 77' lang='lat' dir='ltr'>l&#39;obieuo</span> <span class='ocrx_word' id='word_1_99' title='bbox 534 936 671 969; x_wconf 72' lang='lat' dir='ltr'>conum,</span> <span class='ocrx_word' id='word_1_100' title='bbox 691 926 834 970; x_wconf 84' lang='lat' dir='ltr'>scilicet,</span> <span class='ocrx_word' id='word_1_101' title='bbox 855 926 984 972; x_wconf 78' lang='lat' dir='ltr'>ligura,</span> <span class='ocrx_word' id='word_1_102' title='bbox 1004 927 1061 960; x_wconf 77' lang='lat' dir='ltr'>clee</span> <span class='ocrx_word' id='word_1_103' title='bbox 1075 926 1098 959; x_wconf 83' lang='lat' dir='ltr'>’l</span> <span class='ocrx_word' id='word_1_104' title='bbox 1114 936 1214 959; x_wconf 80' lang='lat' dir='ltr'>senso</span> 
     </span>
     <span class='ocr_line' id='line_1_13' title="bbox 45 984 1214 1030; baseline -0.003 -11"><span class='ocrx_word' id='word_1_105' title='bbox 45 987 303 1029; x_wconf 70' lang='lat' dir='ltr'>inyant1a,210n</span> <span class='ocrx_word' id='word_1_106' title='bbox 328 987 459 1029; x_wconf 68' lang='lat' dir='ltr'>pet-(lea</span> <span class='ocrx_word' id='word_1_107' title='bbox 486 987 586 1019; x_wconf 74' lang='lat' dir='ltr'>alcun</span> <span class='ocrx_word' id='word_1_108' title='bbox 612 996 674 1020; x_wconf 78' lang='lat' dir='ltr'>sno</span> <span class='ocrx_word' id='word_1_109' title='bbox 701 989 784 1028; x_wconf 80' lang='lat' dir='ltr'>alto,</span> <span class='ocrx_word' id='word_1_110' title='bbox 803 985 888 1030; x_wconf 88' lang='lat' dir='ltr'>quia</span> <span class='ocrx_word' id='word_1_111' title='bbox 917 995 987 1020; x_wconf 91' lang='lat' dir='ltr'>non</span> <span class='ocrx_word' id='word_1_112' title='bbox 1014 984 1214 1030; x_wconf 82' lang='lat' dir='ltr'>decipiebat.</span> 
     </span>
     <span class='ocr_line' id='line_1_14' title="bbox 44 1044 1213 1090; baseline 0 -11"><span class='ocrx_word' id='word_1_113' title='bbox 44 1044 175 1089; x_wconf 84' lang='lat' dir='ltr'>visum,</span> <span class='ocrx_word' id='word_1_114' title='bbox 198 1056 264 1089; x_wconf 77' lang='lat' dir='ltr'>per</span> <span class='ocrx_word' id='word_1_115' title='bbox 291 1046 477 1087; x_wconf 68' lang='lat' dir='ltr'>dislanzia,</span> <span class='ocrx_word' id='word_1_116' title='bbox 505 1044 637 1079; x_wconf 86' lang='lat' dir='ltr'>scilicet</span> <span class='ocrx_word' id='word_1_117' title='bbox 665 1045 820 1090; x_wconf 84' lang='lat' dir='ltr'>longam.</span> <span class='ocrx_word' id='word_1_118' title='bbox 850 1045 891 1079; x_wconf 90' lang='lat' dir='ltr'>Et</span> <span class='ocrx_word' id='word_1_119' title='bbox 918 1045 974 1080; x_wconf 92' lang='lat' dir='ltr'>hic</span> <span class='ocrx_word' id='word_1_120' title='bbox 1006 1048 1088 1080; x_wconf 89' lang='lat' dir='ltr'>nota</span> <span class='ocrx_word' id='word_1_121' title='bbox 1117 1045 1213 1090; x_wconf 89' lang='lat' dir='ltr'>quod</span> 
     </span>
     <span class='ocr_line' id='line_1_15' title="bbox 45 1104 1214 1149; baseline 0 -10"><span class='ocrx_word' id='word_1_122' title='bbox 45 1104 193 1149; x_wconf 87' lang='lat' dir='ltr'>quilibet</span> <span class='ocrx_word' id='word_1_123' title='bbox 207 1114 380 1139; x_wconf 89' lang='lat' dir='ltr'>sensuum</span> <span class='ocrx_word' id='word_1_124' title='bbox 397 1104 505 1139; x_wconf 85' lang='lat' dir='ltr'>habet</span> <span class='ocrx_word' id='word_1_125' title='bbox 520 1104 706 1149; x_wconf 85' lang='lat' dir='ltr'>proprium</span> <span class='ocrx_word' id='word_1_126' title='bbox 723 1104 919 1149; x_wconf 87' lang='lat' dir='ltr'>obiectum,</span> <span class='ocrx_word' id='word_1_127' title='bbox 932 1105 1024 1140; x_wconf 87' lang='lat' dir='ltr'>sicut</span> <span class='ocrx_word' id='word_1_128' title='bbox 1040 1105 1136 1139; x_wconf 78' lang='lat' dir='ltr'>visus</span> <span class='ocrx_word' id='word_1_129' title='bbox 1151 1115 1214 1139; x_wconf 93' lang='lat' dir='ltr'>co-</span> 
     </span>
     <span class='ocr_line' id='line_1_16' title="bbox 45 1164 1214 1210; baseline 0 -11"><span class='ocrx_word' id='word_1_130' title='bbox 45 1164 173 1209; x_wconf 85' lang='lat' dir='ltr'>lorem,</span> <span class='ocrx_word' id='word_1_131' title='bbox 200 1164 345 1199; x_wconf 81' lang='lat' dir='ltr'>auditus</span> <span class='ocrx_word' id='word_1_132' title='bbox 373 1174 515 1208; x_wconf 80' lang='lat' dir='ltr'>sonum,</span> <span class='ocrx_word' id='word_1_133' title='bbox 543 1164 715 1199; x_wconf 87' lang='lat' dir='ltr'>odoratus</span> <span class='ocrx_word' id='word_1_134' title='bbox 739 1164 935 1208; x_wconf 86' lang='lat' dir='ltr'>odorabile,</span> <span class='ocrx_word' id='word_1_135' title='bbox 957 1167 1074 1199; x_wconf 84' lang='lat' dir='ltr'>tactus</span> <span class='ocrx_word' id='word_1_136' title='bbox 1097 1164 1214 1210; x_wconf 81' lang='lat' dir='ltr'>tangi—</span> 
     </span>
     <span class='ocr_line' id='line_1_17' title="bbox 46 1223 1214 1270; baseline 0 -12"><span class='ocrx_word' id='word_1_137' title='bbox 46 1224 127 1269; x_wconf 90' lang='lat' dir='ltr'>bile,</span> <span class='ocrx_word' id='word_1_138' title='bbox 145 1227 274 1270; x_wconf 85' lang='lat' dir='ltr'>gustus</span> <span class='ocrx_word' id='word_1_139' title='bbox 301 1234 489 1269; x_wconf 67' lang='lat' dir='ltr'>saporem,</span> <span class='ocrx_word' id='word_1_140' title='bbox 509 1227 543 1258; x_wconf 85' lang='lat' dir='ltr'>et</span> <span class='ocrx_word' id='word_1_141' title='bbox 562 1223 670 1258; x_wconf 89' lang='lat' dir='ltr'>habet</span> <span class='ocrx_word' id='word_1_142' title='bbox 689 1234 897 1268; x_wconf 87' lang='lat' dir='ltr'>commune,</span> <span class='ocrx_word' id='word_1_143' title='bbox 918 1224 1010 1259; x_wconf 89' lang='lat' dir='ltr'>sicut</span> <span class='ocrx_word' id='word_1_144' title='bbox 1036 1234 1214 1259; x_wconf 88' lang='lat' dir='ltr'>numerus</span> 
     </span>
     <span class='ocr_line' id='line_1_18' title="bbox 46 1279 1212 1330; baseline 0 -12"><span class='ocrx_word' id='word_1_145' title='bbox 46 1287 82 1319; x_wconf 91' lang='lat' dir='ltr'>et</span> <span class='ocrx_word' id='word_1_146' title='bbox 109 1283 224 1330; x_wconf 84' lang='lat' dir='ltr'>figura</span> <span class='ocrx_word' id='word_1_147' title='bbox 257 1283 487 1329; x_wconf 80' lang='lat' dir='ltr'>cognoscitur</span> <span class='ocrx_word' id='word_1_148' title='bbox 518 1294 582 1328; x_wconf 87' lang='lat' dir='ltr'>per</span> <span class='ocrx_word' id='word_1_149' title='bbox 599 1279 632 1326; x_wconf 65' lang='lat'>(¹)</span> <span class='ocrx_word' id='word_1_150' title='bbox 669 1287 816 1318; x_wconf 89' lang='lat' dir='ltr'>tactum.</span> <span class='ocrx_word' id='word_1_151' title='bbox 851 1284 941 1318; x_wconf 89' lang='lat' dir='ltr'>Nota</span> <span class='ocrx_word' id='word_1_152' title='bbox 973 1283 1081 1318; x_wconf 87' lang='lat' dir='ltr'>etiam</span> <span class='ocrx_word' id='word_1_153' title='bbox 1116 1283 1212 1328; x_wconf 90' lang='lat' dir='ltr'>quod</span> 
     </span>
     <span class='ocr_line' id='line_1_19' title="bbox 47 1343 1213 1389; baseline -0.002 -10"><span class='ocrx_word' id='word_1_154' title='bbox 47 1344 143 1379; x_wconf 89' lang='lat' dir='ltr'>visus</span> <span class='ocrx_word' id='word_1_155' title='bbox 170 1345 353 1378; x_wconf 89' lang='lat' dir='ltr'>humanus</span> <span class='ocrx_word' id='word_1_156' title='bbox 376 1354 447 1377; x_wconf 91' lang='lat' dir='ltr'>non</span> <span class='ocrx_word' id='word_1_157' title='bbox 467 1346 582 1388; x_wconf 88' lang='lat' dir='ltr'>potest</span> <span class='ocrx_word' id='word_1_158' title='bbox 599 1354 620 1378; x_wconf 86' lang='lat' dir='ltr'>a</span> <span class='ocrx_word' id='word_1_159' title='bbox 644 1343 749 1389; x_wconf 84' lang='lat' dir='ltr'>longe</span> <span class='ocrx_word' id='word_1_160' title='bbox 768 1353 989 1389; x_wconf 81' lang='lat' dir='ltr'>cognoscere</span> <span class='ocrx_word' id='word_1_161' title='bbox 1016 1347 1051 1379; x_wconf 90' lang='lat' dir='ltr'>et</span> <span class='ocrx_word' id='word_1_162' title='bbox 1077 1343 1213 1378; x_wconf 89' lang='lat' dir='ltr'>discer—</span> 
     </span>
     <span class='ocr_line' id='line_1_20' title="bbox 47 1402 1213 1448; baseline -0.002 -10"><span class='ocrx_word' id='word_1_163' title='bbox 47 1414 134 1439; x_wconf 89' lang='lat' dir='ltr'>nere</span> <span class='ocrx_word' id='word_1_164' title='bbox 149 1403 387 1448; x_wconf 85' lang='lat' dir='ltr'>quantitatem</span> <span class='ocrx_word' id='word_1_165' title='bbox 402 1406 437 1437; x_wconf 91' lang='lat' dir='ltr'>et</span> <span class='ocrx_word' id='word_1_166' title='bbox 451 1402 661 1447; x_wconf 80' lang='lat' dir='ltr'>qualitatem</span> <span class='ocrx_word' id='word_1_167' title='bbox 677 1402 818 1447; x_wconf 87' lang='lat' dir='ltr'>obiecti,</span> <span class='ocrx_word' id='word_1_168' title='bbox 834 1402 925 1438; x_wconf 90' lang='lat' dir='ltr'>sicut</span> <span class='ocrx_word' id='word_1_169' title='bbox 940 1406 1036 1448; x_wconf 88' lang='lat' dir='ltr'>patet</span> <span class='ocrx_word' id='word_1_170' title='bbox 1050 1403 1085 1437; x_wconf 92' lang='lat' dir='ltr'>in</span> <span class='ocrx_word' id='word_1_171' title='bbox 1100 1402 1213 1445; x_wconf 82' lang='lat' dir='ltr'>stella,</span> 
     </span>
     <span class='ocr_line' id='line_1_21' title="bbox 46 1462 1213 1508; baseline -0.001 -11"><span class='ocrx_word' id='word_1_172' title='bbox 46 1474 128 1508; x_wconf 60' lang='lat' dir='ltr'>quae</span> <span class='ocrx_word' id='word_1_173' title='bbox 155 1463 298 1498; x_wconf 75' lang='lat' dir='ltr'>videtur</span> <span class='ocrx_word' id='word_1_174' title='bbox 327 1462 428 1497; x_wconf 89' lang='lat' dir='ltr'>nobis</span> <span class='ocrx_word' id='word_1_175' title='bbox 455 1463 605 1508; x_wconf 69' lang='lat' dir='ltr'>parvula</span> <span class='ocrx_word' id='word_1_176' title='bbox 629 1462 663 1496; x_wconf 90' lang='lat' dir='ltr'>in</span> <span class='ocrx_word' id='word_1_177' title='bbox 682 1462 895 1507; x_wconf 89' lang='lat' dir='ltr'>quantitate,</span> <span class='ocrx_word' id='word_1_178' title='bbox 919 1473 1004 1497; x_wconf 90' lang='lat' dir='ltr'>cum</span> <span class='ocrx_word' id='word_1_179' title='bbox 1030 1467 1151 1497; x_wconf 85' lang='lat' dir='ltr'>tamen</span> <span class='ocrx_word' id='word_1_180' title='bbox 1170 1462 1213 1496; x_wconf 88' lang='lat' dir='ltr'>sit</span> 
     </span>
     <span class='ocr_line' id='line_1_22' title="bbox 46 1521 1213 1566; baseline -0.001 -9"><span class='ocrx_word' id='word_1_181' title='bbox 46 1522 161 1558; x_wconf 87' lang='lat' dir='ltr'>maior</span> <span class='ocrx_word' id='word_1_182' title='bbox 190 1526 261 1557; x_wconf 90' lang='lat' dir='ltr'>tota</span> <span class='ocrx_word' id='word_1_183' title='bbox 290 1526 405 1566; x_wconf 79' lang='lat' dir='ltr'>terra3</span> <span class='ocrx_word' id='word_1_184' title='bbox 429 1521 477 1556; x_wconf 89' lang='lat' dir='ltr'>ita</span> <span class='ocrx_word' id='word_1_185' title='bbox 505 1521 539 1556; x_wconf 91' lang='lat' dir='ltr'>in</span> <span class='ocrx_word' id='word_1_186' title='bbox 567 1521 720 1556; x_wconf 87' lang='lat' dir='ltr'>terrenis</span> <span class='ocrx_word' id='word_1_187' title='bbox 740 1521 916 1566; x_wconf 86' lang='lat' dir='ltr'>videmus,</span> <span class='ocrx_word' id='word_1_188' title='bbox 937 1522 1034 1566; x_wconf 85' lang='lat' dir='ltr'>quod</span> <span class='ocrx_word' id='word_1_189' title='bbox 1053 1522 1081 1556; x_wconf 90' lang='lat' dir='ltr'>si</span> <span class='ocrx_word' id='word_1_190' title='bbox 1103 1522 1213 1556; x_wconf 90' lang='lat' dir='ltr'>homo</span> 
     </span>
     <span class='ocr_line' id='line_1_23' title="bbox 45 1581 1214 1626; baseline -0.002 -9"><span class='ocrx_word' id='word_1_191' title='bbox 45 1582 88 1617; x_wconf 87' lang='lat' dir='ltr'>sit</span> <span class='ocrx_word' id='word_1_192' title='bbox 116 1582 149 1616; x_wconf 90' lang='lat' dir='ltr'>in</span> <span class='ocrx_word' id='word_1_193' title='bbox 176 1581 346 1616; x_wconf 85' lang='lat' dir='ltr'>altissima</span> <span class='ocrx_word' id='word_1_194' title='bbox 368 1581 460 1615; x_wconf 91' lang='lat' dir='ltr'>turri</span> <span class='ocrx_word' id='word_1_195' title='bbox 483 1581 625 1615; x_wconf 77' lang='lat' dir='ltr'>videtur</span> <span class='ocrx_word' id='word_1_196' title='bbox 644 1591 754 1626; x_wconf 79' lang='lat' dir='ltr'>parva</span> <span class='ocrx_word' id='word_1_197' title='bbox 777 1581 872 1626; x_wconf 70' lang='lat' dir='ltr'>avis,</span> <span class='ocrx_word' id='word_1_198' title='bbox 894 1581 941 1616; x_wconf 87' lang='lat' dir='ltr'>ita</span> <span class='ocrx_word' id='word_1_199' title='bbox 970 1581 1004 1615; x_wconf 93' lang='lat' dir='ltr'>in</span> <span class='ocrx_word' id='word_1_200' title='bbox 1031 1581 1214 1626; x_wconf 86' lang='lat' dir='ltr'>proposito</span> 
     </span>
     <span class='ocr_line' id='line_1_24' title="bbox 46 1640 1212 1686; baseline -0.002 -9"><span class='ocrx_word' id='word_1_201' title='bbox 46 1642 110 1677; x_wconf 86' lang='lat' dir='ltr'>ista</span> <span class='ocrx_word' id='word_1_202' title='bbox 138 1641 353 1677; x_wconf 85' lang='lat' dir='ltr'>candelabra</span> <span class='ocrx_word' id='word_1_203' title='bbox 380 1644 484 1675; x_wconf 88' lang='lat' dir='ltr'>erant</span> <span class='ocrx_word' id='word_1_204' title='bbox 511 1640 545 1675; x_wconf 94' lang='lat' dir='ltr'>in</span> <span class='ocrx_word' id='word_1_205' title='bbox 574 1650 612 1676; x_wconf 90' lang='lat' dir='ltr'>se</span> <span class='ocrx_word' id='word_1_206' title='bbox 639 1641 811 1686; x_wconf 82' lang='lat' dir='ltr'>maxima,</span> <span class='ocrx_word' id='word_1_207' title='bbox 841 1644 963 1676; x_wconf 87' lang='lat' dir='ltr'>tamen</span> <span class='ocrx_word' id='word_1_208' title='bbox 995 1640 1212 1676; x_wconf 82' lang='lat' dir='ltr'>videbantur</span> 
     </span>
     <span class='ocr_line' id='line_1_25' title="bbox 46 1701 1213 1748; baseline -0.001 -12"><span class='ocrx_word' id='word_1_209' title='bbox 46 1712 155 1748; x_wconf 85' lang='lat' dir='ltr'>parva</span> <span class='ocrx_word' id='word_1_210' title='bbox 185 1705 224 1736; x_wconf 89' lang='lat' dir='ltr'>ut</span> <span class='ocrx_word' id='word_1_211' title='bbox 250 1701 535 1736; x_wconf 74' lang='lat' dir='ltr'>arbores—Di</span> <span class='ocrx_word' id='word_1_212' title='bbox 559 1711 677 1744; x_wconf 78' lang='lat' dir='ltr'>sopra.</span> <span class='ocrx_word' id='word_1_213' title='bbox 712 1701 776 1736; x_wconf 90' lang='lat' dir='ltr'>Hic</span> <span class='ocrx_word' id='word_1_214' title='bbox 806 1705 912 1746; x_wconf 86' lang='lat' dir='ltr'>poeta</span> <span class='ocrx_word' id='word_1_215' title='bbox 943 1704 1088 1736; x_wconf 88' lang='lat' dir='ltr'>ostenso</span> <span class='ocrx_word' id='word_1_216' title='bbox 1116 1701 1213 1745; x_wconf 91' lang='lat' dir='ltr'>quod</span> 
     </span>
     <span class='ocr_line' id='line_1_26' title="bbox 46 1760 1211 1807; baseline -0.002 -10"><span class='ocrx_word' id='word_1_217' title='bbox 46 1772 133 1797; x_wconf 86' lang='lat' dir='ltr'>vere</span> <span class='ocrx_word' id='word_1_218' title='bbox 159 1761 327 1807; x_wconf 70' lang='lat' dir='ltr'>cognovit</span> <span class='ocrx_word' id='word_1_219' title='bbox 354 1761 582 1805; x_wconf 82' lang='lat' dir='ltr'>candelabra,</span> <span class='ocrx_word' id='word_1_220' title='bbox 608 1760 763 1795; x_wconf 87' lang='lat' dir='ltr'>ostendit</span> <span class='ocrx_word' id='word_1_221' title='bbox 794 1761 891 1805; x_wconf 90' lang='lat' dir='ltr'>quod</span> <span class='ocrx_word' id='word_1_222' title='bbox 924 1761 1093 1806; x_wconf 78' lang='lat' dir='ltr'>cognovit</span> <span class='ocrx_word' id='word_1_223' title='bbox 1120 1772 1211 1805; x_wconf 89' lang='lat' dir='ltr'>qua-</span> 
     </span>
     <span class='ocr_line' id='line_1_27' title="bbox 46 1820 1213 1865; baseline -0.002 -9"><span class='ocrx_word' id='word_1_224' title='bbox 46 1822 126 1857; x_wconf 87' lang='lat' dir='ltr'>liter</span> <span class='ocrx_word' id='word_1_225' title='bbox 152 1822 198 1856; x_wconf 92' lang='lat' dir='ltr'>ab</span> <span class='ocrx_word' id='word_1_226' title='bbox 224 1821 274 1856; x_wconf 88' lang='lat' dir='ltr'>eis</span> <span class='ocrx_word' id='word_1_227' title='bbox 302 1820 518 1865; x_wconf 87' lang='lat' dir='ltr'>procedebat</span> <span class='ocrx_word' id='word_1_228' title='bbox 545 1821 667 1855; x_wconf 89' lang='lat' dir='ltr'>lumen</span> <span class='ocrx_word' id='word_1_229' title='bbox 695 1820 792 1855; x_wconf 90' lang='lat' dir='ltr'>illud.</span> <span class='ocrx_word' id='word_1_230' title='bbox 816 1820 916 1855; x_wconf 88' lang='lat' dir='ltr'>Unde</span> <span class='ocrx_word' id='word_1_231' title='bbox 942 1820 1043 1855; x_wconf 88' lang='lat' dir='ltr'>dicit:</span> <span class='ocrx_word' id='word_1_232' title='bbox 1073 1822 1104 1854; x_wconf 89' lang='lat' dir='ltr'>Il</span> <span class='ocrx_word' id='word_1_233' title='bbox 1128 1821 1213 1855; x_wconf 80' lang='lat' dir='ltr'>bello</span> 
     </span>
     <span class='ocr_line' id='line_1_28' title="bbox 45 1879 1213 1929; baseline -0.003 -13"><span class='ocrx_word' id='word_1_234' title='bbox 45 1892 181 1924; x_wconf 76' lang='lat' dir='ltr'>arnese,</span> <span class='ocrx_word' id='word_1_235' title='bbox 210 1881 309 1925; x_wconf 75' lang='lat' dir='ltr'>idest,</span> <span class='ocrx_word' id='word_1_236' title='bbox 332 1881 457 1925; x_wconf 87' lang='lat' dir='ltr'>pulcer</span> <span class='ocrx_word' id='word_1_237' title='bbox 484 1883 634 1929; x_wconf 85' lang='lat' dir='ltr'>ornatus</span> <span class='ocrx_word' id='word_1_238' title='bbox 661 1879 977 1923; x_wconf 72' lang='lat' dir='ltr'>candelabrorum,</span> <span class='ocrx_word' id='word_1_239' title='bbox 1000 1890 1020 1914; x_wconf 89' lang='lat' dir='ltr'>a</span> <span class='ocrx_word' id='word_1_240' title='bbox 1040 1890 1113 1923; x_wconf 90' lang='lat' dir='ltr'>quo</span> <span class='ocrx_word' id='word_1_241' title='bbox 1135 1890 1213 1913; x_wconf 88' lang='lat' dir='ltr'>ma-</span> 
     </span>
     <span class='ocr_line' id='line_1_29' title="bbox 46 1938 1213 1985; baseline -0.003 -9"><span class='ocrx_word' id='word_1_242' title='bbox 46 1945 107 1976; x_wconf 88' lang='lat' dir='ltr'>nat</span> <span class='ocrx_word' id='word_1_243' title='bbox 133 1951 242 1976; x_wconf 89' lang='lat' dir='ltr'>omne</span> <span class='ocrx_word' id='word_1_244' title='bbox 270 1940 449 1985; x_wconf 85' lang='lat' dir='ltr'>pulcrum,</span> <span class='ocrx_word' id='word_1_245' title='bbox 472 1940 741 1983; x_wconf 71' lang='lat' dir='ltr'>fiammeqyiava</span> <span class='ocrx_word' id='word_1_246' title='bbox 768 1940 804 1973; x_wconf 80' lang='lat' dir='ltr'>di</span> <span class='ocrx_word' id='word_1_247' title='bbox 828 1949 950 1982; x_wconf 82' lang='lat' dir='ltr'>sopra,</span> <span class='ocrx_word' id='word_1_248' title='bbox 978 1938 1079 1982; x_wconf 84' lang='lat' dir='ltr'>idest,</span> <span class='ocrx_word' id='word_1_249' title='bbox 1102 1948 1213 1983; x_wconf 87' lang='lat' dir='ltr'>super</span> 
     </span>
     <span class='ocr_line' id='line_1_30' title="bbox 45 1997 1213 2042; baseline -0.004 -6"><span class='ocrx_word' id='word_1_250' title='bbox 45 2012 84 2036; x_wconf 89' lang='lat' dir='ltr'>se</span> <span class='ocrx_word' id='word_1_251' title='bbox 110 2000 259 2036; x_wconf 86' lang='lat' dir='ltr'>ardebat</span> <span class='ocrx_word' id='word_1_252' title='bbox 286 2003 318 2035; x_wconf 88' lang='lat' dir='ltr'>et</span> <span class='ocrx_word' id='word_1_253' title='bbox 348 1999 535 2035; x_wconf 82' lang='lat' dir='ltr'>emittebat</span> <span class='ocrx_word' id='word_1_254' title='bbox 563 1999 727 2032; x_wconf 84' lang='lat' dir='ltr'>flammas</span> <span class='ocrx_word' id='word_1_255' title='bbox 755 1997 924 2032; x_wconf 79' lang='lat' dir='ltr'>facientes</span> <span class='ocrx_word' id='word_1_256' title='bbox 959 1997 1058 2031; x_wconf 91' lang='lat' dir='ltr'>illum</span> <span class='ocrx_word' id='word_1_257' title='bbox 1094 1998 1213 2042; x_wconf 85' lang='lat' dir='ltr'>splen-</span> 
     </span>
     <span class='ocr_line' id='line_1_31' title="bbox 45 2056 1210 2104; baseline -0.004 -9"><span class='ocrx_word' id='word_1_258' title='bbox 45 2060 170 2096; x_wconf 89' lang='lat' dir='ltr'>dorem</span> <span class='ocrx_word' id='word_1_259' title='bbox 200 2060 233 2094; x_wconf 91' lang='lat' dir='ltr'>in</span> <span class='ocrx_word' id='word_1_260' title='bbox 262 2059 409 2094; x_wconf 87' lang='lat' dir='ltr'>modum</span> <span class='ocrx_word' id='word_1_261' title='bbox 446 2058 546 2104; x_wconf 70' lang='lat' dir='ltr'>ignis.</span> <span class='ocrx_word' id='word_1_262' title='bbox 583 2058 623 2092; x_wconf 88' lang='lat' dir='ltr'>Et</span> <span class='ocrx_word' id='word_1_263' title='bbox 654 2057 812 2092; x_wconf 86' lang='lat' dir='ltr'>declarat</span> <span class='ocrx_word' id='word_1_264' title='bbox 846 2056 978 2092; x_wconf 89' lang='lat' dir='ltr'>arnesii</span> <span class='ocrx_word' id='word_1_265' title='bbox 1011 2056 1210 2091; x_wconf 85' lang='lat' dir='ltr'>claritatem</span> 
     </span>
     <span class='ocr_line' id='line_1_32' title="bbox 45 2116 1211 2165; baseline -0.004 -10"><span class='ocrx_word' id='word_1_266' title='bbox 45 2130 109 2165; x_wconf 90' lang='lat' dir='ltr'>per</span> <span class='ocrx_word' id='word_1_267' title='bbox 137 2120 292 2155; x_wconf 90' lang='lat' dir='ltr'>nobilem</span> <span class='ocrx_word' id='word_1_268' title='bbox 320 2118 629 2164; x_wconf 84' lang='lat' dir='ltr'>comparationem</span> <span class='ocrx_word' id='word_1_269' title='bbox 658 2117 703 2152; x_wconf 90' lang='lat' dir='ltr'>de</span> <span class='ocrx_word' id='word_1_270' title='bbox 737 2127 775 2152; x_wconf 87' lang='lat' dir='ltr'>se</span> <span class='ocrx_word' id='word_1_271' title='bbox 804 2117 1042 2161; x_wconf 85' lang='lat' dir='ltr'>manifestam,</span> <span class='ocrx_word' id='word_1_272' title='bbox 1071 2116 1211 2151; x_wconf 88' lang='lat' dir='ltr'>dicens:</span> 
     </span>
     <span class='ocr_line' id='line_1_33' title="bbox 44 2177 1214 2224; baseline -0.004 -10"><span class='ocrx_word' id='word_1_273' title='bbox 44 2178 103 2224; x_wconf 68' lang='lat' dir='ltr'>piz&#39;c</span> <span class='ocrx_word' id='word_1_274' title='bbox 129 2181 248 2214; x_wconf 72' lang='lat' dir='ltr'>chiam</span> <span class='ocrx_word' id='word_1_275' title='bbox 275 2181 381 2223; x_wconf 75' lang='lat' dir='ltr'>assai,</span> <span class='ocrx_word' id='word_1_276' title='bbox 414 2179 497 2213; x_wconf 88' lang='lat' dir='ltr'>illud</span> <span class='ocrx_word' id='word_1_277' title='bbox 526 2178 726 2222; x_wconf 84' lang='lat' dir='ltr'>arnesium,</span> <span class='ocrx_word' id='word_1_278' title='bbox 755 2179 813 2212; x_wconf 73' lang='lat' dir='ltr'>che</span> <span class='ocrx_word' id='word_1_279' title='bbox 836 2179 917 2212; x_wconf 79' lang='lat' dir='ltr'>lana</span> <span class='ocrx_word' id='word_1_280' title='bbox 936 2188 1003 2221; x_wconf 78' lang='lat' dir='ltr'>per</span> <span class='ocrx_word' id='word_1_281' title='bbox 1029 2187 1150 2210; x_wconf 81' lang='lat' dir='ltr'>sereno</span> <span class='ocrx_word' id='word_1_282' title='bbox 1178 2177 1214 2210; x_wconf 78' lang='lat' dir='ltr'>di</span> 
     </span>
    </p>
   </div>
   <div class='ocr_carea' id='block_1_3' title="bbox 108 2309 536 2339">
    <p class='ocr_par' dir='ltr' id='par_1_3' title="bbox 108 2309 536 2339">
     <span class='ocr_line' id='line_1_34' title="bbox 108 2309 536 2339; baseline -0.005 -6"><span class='ocrx_word' id='word_1_283' title='bbox 108 2310 135 2339; x_wconf 89' lang='lat'>(¹)</span> <span class='ocrx_word' id='word_1_284' title='bbox 154 2312 206 2338; x_wconf 80' lang='lat'>¹17,</span> <span class='ocrx_word' id='word_1_285' title='bbox 226 2316 269 2339; x_wconf 85' lang='lat' dir='ltr'>per</span> <span class='ocrx_word' id='word_1_286' title='bbox 289 2309 370 2332; x_wconf 79' lang='lat' dir='ltr'>visum</span> <span class='ocrx_word' id='word_1_287' title='bbox 388 2313 411 2333; x_wconf 80' lang='lat' dir='ltr'>el</span> <span class='ocrx_word' id='word_1_288' title='bbox 431 2312 536 2332; x_wconf 77' lang='lat' dir='ltr'>iactum.</span> 
     </span>
    </p>
   </div>
  </div>
 </body>
</html>
