1766 2856
533 225 603 257 218
895 228 1097 253 COMENTUM
1124 227 1345 253 PERGAToml

532 309 611 340 tum
639 308 692 339 est
719 302 763 337 ad
791 300 903 336 verba
930 300 1162 346 angelorum,
1183 299 1229 334 ad
1248 298 1399 334 modum
1419 309 1492 343 quo
1512 299 1571 334 nix
1592 299 1627 334 in
1645 310 1707 335 ar-

532 364 682 399 boribus
697 362 814 408 primo
830 361 1044 407 congelatur
1058 360 1103 395 ad
1123 363 1250 395 ventos
1270 358 1427 405 frigidOS,
1443 359 1571 394 deinde
1590 359 1708 405 liqua—

531 427 592 458 tur
619 422 664 458 ad
693 425 818 457 ventos
845 420 989 456 calidos.
1017 420 1121 455 Nunc
1147 419 1275 454 ordina
1302 419 1446 454 literam
1473 422 1510 454 et
1536 423 1707 454 construe

531 482 600 517 sic:
628 484 668 516 Io
692 483 741 526 fzc'
755 476 815 525 9ῖά
842 476 911 515 cosi
937 490 1045 515 senza
1073 481 1220 524 Iayrz'me
1247 491 1264 514 e
1290 480 1430 524 sospz'rz',
1457 478 1601 524 scilicet,
1621 490 1704 515 cum

532 541 642 578 corde
664 541 833 576 indurato
852 544 887 576 et
907 540 1100 586 impetrato
1121 540 1232 575 nimio
1251 539 1377 575 dolore
1396 542 1431 574 et
1450 539 1601 585 pudore,
1625 540 1709 574 anzi

532 604 557 638 il
581 606 708 637 εαηίαν
735 603 771 637 di
797 603 885 645 quei,
914 601 1058 645 scilicet,
1086 601 1318 646 angelorum,
1341 601 1399 634 che
1425 603 1530 634 notan
1558 609 1706 644 sempre,

532 663 635 708 idest,
650 665 795 706 canunt,
815 663 925 696 (Metro
945 662 1011 695 alle
1030 664 1106 694 note
1125 661 1216 704 cleylc'
1233 661 1341 694 elerm'
1357 661 1439 704 91'7'2‘,
1460 659 1559 705 idest,
1576 670 1708 695 secun—

532 723 620 758 dum
640 721 869 757 harmoniam
891 724 926 755 et
946 720 1217 765 proportionem
1234 716 1269 764 (¹)
1291 720 1489 764 coelorum;
1509 730 1566 754 ma
1589 721 1621 754 lo
1641 721 1710 764 yiel

531 784 590 818 elle
617 783 734 816 m'era
762 783 900 815 inlorno
923 781 961 814 al
980 790 1065 814 cnor
1092 781 1256 823 rislrello,
1276 779 1377 824 idest,
1398 779 1517 826 gelata
1544 779 1708 815 confusio

532 852 615 888 quae
643 841 901 887 inglaciaverat
928 849 992 874 cor
1015 849 1154 884 meum,
1171 841 1255 884 fessi
1271 841 1394 884 spirito
1412 842 1444 873 ec
1460 849 1586 882 acqua,
1606 839 1706 883 idest,

531 901 684 946 suspiria
712 903 747 935 et.
767 900 949 945 lacrymat,
969 910 986 933 e
1005 896 1074 933 ascl
1093 900 1149 934 del
1160 903 1264 944 petto,
1285 899 1386 943 idest,
1405 898 1451 934 de
1474 899 1585 934 corde
1611 898 1709 944 quod

531 964 583 997 est
612 961 646 995 in
674 963 833 1006 pectore,
853 970 915 994 con
939 961 1106 1003 anyoscz‘a
1125 970 1191 1004 per
1213 961 1247 994 ῖα
1267 960 1371 994 bocca
1398 970 1415 994 e
1439 970 1504 1004 per
1524 961 1574 1003 9ῖὶ
1599 960 1704 1003 occ-hi,

531 1031 616 1056 cum
643 1020 811 1066 angustia
837 1019 921 1064 oris,
949 1019 1035 1065 quia
1067 1019 1187 1054 emisit
1217 1019 1382 1065 suspiria,
1411 1023 1447 1054 et
1474 1029 1560 1054 cum
1587 1029 1707 1065 angu-

531 1081 597 1116 stia
623 1081 829 1125 oculorum,
850 1079 936 1125 quia
964 1079 1084 1114 emisit
1111 1079 1311 1125 lacrymas3
1332 1081 1392 1124 poi
1409 1080 1504 1114 clz’io
1532 1080 1628 1113 inlesi
1653 1079 1708 1113 lor

531 1142 702 1185 compatir
728 1151 752 1174 α
779 1150 843 1183 me,
871 1139 971 1183 idest,
1000 1142 1193 1185 postquam
1225 1139 1384 1174 intellexi
1418 1138 1706 1184 compassionem

530 1201 693 1247 ipsorum
722 1200 939 1246 angelorum
968 1209 1056 1245 erga
1089 1209 1159 1243 me,
1192 1200 1277 1233 nelle
1309 1200 1400 1234 (Iolci
1432 1203 1573 1243 tempre,
1606 1198 1706 1243 idest,

531 1261 567 1296 in
585 1260 750 1296 dulcibus
770 1262 805 1295 et
825 1258 1034 1305 temperatis
1056 1258 1223 1294 cantibus
1243 1268 1385 1304 eorum,
1406 1260 1525 1303 perelz'
1540 1260 1619 1302 essi,
1639 1258 1708 1293 sci-

530 1319 624 1365 licet,
651 1319 782 1366 angeli,
810 1329 950 1353 (messer
977 1320 1080 1362 detto,
1109 1318 1263 1353 Beatrici
1279 1314 1333 1362 <2):
1364 1321 1507 1361 Domui,
1530 1315 1658 1362 perche*
1680 1313 1708 1352 si

530 1382 563 1415 lo
588 1382 763 1424 stempre?
791 1378 890 1423 idest,
914 1378 1153 1424 distemperas
1172 1378 1290 1424 ipsum
1311 1379 1464 1414 Dantem
1492 1381 1529 1413 et
1555 1387 1709 1423 exaspe-

530 1450 589 1476 ras
615 1443 690 1476 tam
718 1440 837 1475 dure?
864 1439 973 1474 modo
1002 1438 1077 1474 redi
1105 1449 1235 1484 supra:
1267 1435 1297 1473 s}
1323 1449 1418 1473 come
1451 1448 1533 1472 neve
1563 1439 1594 1472 si
1623 1447 1708 1471 con-

528 1502 621 1545 yela,
651 1500 752 1545 idest,
780 1499 970 1545 glaciatur,
990 1502 1047 1533 tra
1069 1500 1099 1533 le
1123 1500 1195 1533 rice
1213 1499 1318 1542 craz-i,
1338 1498 1439 1542 idest,
1462 1497 1626 1542 arbores,
1642 1507 1729 1541 per-

529 1561 562 1595 lo
588 1561 692 1595 closso
719 1560 884 1601 cl’Jtalessa,
912 1558 1013 1600 idest,
1035 1568 1098 1603 per
1120 1558 1255 1603 J'ugum
1280 1557 1412 1592 montis
1434 1556 1623 1602 Apennini,
1643 1556 1704 1602 qui

529 1619 653 1654 dividit
678 1622 791 1654 totam
820 1618 957 1653 Italiam
987 1628 1051 1662 per
1079 1617 1242 1652 medium
1270 1617 1316 1651 ab
1347 1617 1489 1662 alpibus
1517 1626 1636 1661 usque
1663 1616 1708 1652 ad

530 1680 686 1726 pharum
706 1678 849 1723 Siciliae,
870 1678 943 1722 nix,
963 1677 1053 1722 dico,
1070 1679 1218 1721 soffiala,
1238 1676 1338 1721 idest,
1359 1676 1521 1722 perflata,
1537 1687 1554 1710 e
1572 1680 1704 1720 sit-elta,

529 1739 629 1784 idest,
658 1739 861 1786 congelata,
888 1739 974 1772 dalle·
1001 1739 1090 1772 venti
1115 1738 1258 1779 scleiavz',
1278 1736 1379 1781 idest,
1399 1735 1620 1781 borealibus,
1644 1735 1706 1781 qui

529 1799 680 1836 veniunt
707 1810 728 1834 a
755 1797 1016 1844 septemtrione
1043 1800 1077 1833 et
1106 1800 1297 1832 transeunt
1314 1806 1380 1842 per
1399 1795 1627 1831 Sclavoniam
1648 1805 1707 1831 re-

529 1859 688 1906 gionem,
717 1859 777 1894 ubi
805 1862 890 1893 sunt
918 1868 1006 1893 vere
1039 1857 1154 1903 rigidi,
1183 1857 1276 1892 sicut
1309 1855 1551 1901 experiuntur
1585 1855 1707 1890 miseri

530 1918 714 1964 naucleri3
738 1920 799 1963 poi
825 1920 1016 1963 liquesalla,
1046 1917 1146 1961 idest,
1176 1916 1336 1952 resoluta
1354 1910 1402 1960 (³),
1431 1916 1580 1959 trapela,
1608 1914 1707 1960 idest,

530 1979 686 2024 distillat,
706 1989 725 2013 a
749 1978 866 2023 simili,
885 1975 913 2013 s}
931 1979 989 2012 che
1013 1979 1118 2022 suoco
1133 1987 1204 2021 par
1220 1976 1349 2022 sonder
1368 1976 1403 2009 ῖα
1422 1975 1582 2017 candela,
1605 1973 1707 2019 quasi

529 2038 634 2083 dicat,
663 2038 756 2074 sicut
783 2048 868 2074 cera
894 2037 1062 2083 liquescit
1088 2036 1133 2072 ad
1161 2036 1296 2083 ignem,
1316 2034 1363 2070 ita
1394 2034 1455 2068 nix
1483 2033 1528 2068 ad
1557 2036 1707 2069 ventum

530 2098 741 2133 australem.
771 2097 871 2133 Unde
898 2097 999 2133 dicit:
1024 2107 1095 2141 pm·
1113 2097 1171 2131 clm
1189 2097 1224 2130 la
1243 2099 1352 2138 terra,
1372 2093 1519 2138 scilicet,
1537 2093 1706 2128 australis

531 2157 688 2193 existens
716 2157 784 2192 sub
803 2157 1057 2202 aequinoctiali,
1077 2157 1134 2191 elle
1150 2157 1262 2201 perde
1284 2154 1421 2198 ombra,
1443 2153 1540 2199 quia,
1560 2153 1704 2198 scilicet,

593 2289 619 2318 (¹)
636 2288 666 2312 E.
684 2289 871 2318 proportiones.
969 2286 996 2316 (²)
1014 2287 1043 2311 E.
1061 2287 1157 2311 scilicet
1174 2287 1293 2311 Beatrici.
1390 2285 1415 2313 (⁵)
1432 2285 1462 2308 E.
1482 2284 1612 2308 dissoluta.
