1737 2836
375 275 511 300 chTL’s
538 275 750 301 TfflGJ-:smcs
777 275 917 301 Pnlmus.
1162 270 1230 302 231

62 346 205 391 scilicet,
234 347 454 392 temporalis,
475 347 551 382 sive
579 347 722 392 mulier,
742 347 818 383 sive
835 347 1001 394 dignitas,
1021 348 1097 384 sive
1115 349 1232 384 scien-

62 407 119 451 tia,
146 407 255 441 (lovea
283 409 346 451 μοι’
377 412 495 441 lrarre
522 410 551 441 te
578 409 633 442 nel
658 418 719 442 suo
747 409 848 451 disto,
878 408 977 453 idest,
1010 408 1230 444 desiderium

61 470 96 502 et
114 477 291 511 amorem,
311 478 346 501 se
359 468 383 501 ’l
400 477 532 501 sommo
548 469 701 511 placere,
729 467 826 512 quod
854 468 899 503 de
926 479 986 504 me
1013 468 1183 513 habebas,
1203 464 1232 502 si

62 528 86 561 tt
107 522 206 572 fallio
227 538 294 571 per
321 528 355 561 Ια
383 528 451 560 mia
480 530 601 570 morte,
633 526 780 571 quando
806 527 899 562 facta
921 539 1003 562 sum
1030 532 1176 563 mortua
1197 531 1232 563 et

62 587 226 633 neglecta
258 586 489 621 tibi—Ben.
524 586 586 621 Hic
604 582 638 630 ς’)
671 586 815 621 Beatrix
848 591 1025 633 aggravat
1058 588 1232 623 delictum

64 650 190 692 poetae,
207 646 268 691 qui
283 646 395 681 semel
410 645 583 691 deceptus
601 645 756 681 debebat
772 645 984 691 resipiscere
1002 651 1038 682 et
1058 657 1129 681 non
1149 658 1234 692 per-

65 706 208 741 mittere
235 716 273 740 se
299 705 454 751 amplius
481 705 604 751 decipi.
634 705 725 740 Dicit
756 715 844 751 ergo
876 705 1076 751 procedens
1104 706 1139 740 in
1167 716 1233 741 sua

58 766 331 811 increpatione:
373 768 444 800 Ben
481 767 504 800 ci
536 767 658 800 doceri
697 767 793 800 lecat-
826 776 919 810 snso,
951 766 1053 811 idest,
1089 766 1234 812 erigere

64 829 99 861 te
133 836 154 861 a
187 825 341 861 terrenis
377 825 507 860 infimis
543 825 587 860 ad
627 825 787 860 coelestia
826 825 909 870 alta,
947 827 1078 861 direlro
1111 837 1132 860 (l
1169 836 1234 869 me,

63 885 163 930 idest,
184 886 353 930 exemplo
377 885 459 930 mei,
479 884 656 920 veniendo
677 888 755 930 post
775 895 834 920 me
853 895 936 930 quae
954 885 1191 921 ascenderam
1211 896 1232 920 a

61 954 172 981 carne
198 945 242 980 ad
269 945 447 990 spiritum,
467 945 525 979 elce
552 955 622 978 non
649 955 711 978 era
725 942 787 989 ριἰὶ
810 946 888 988 tale,
911 945 996 990 quia
1019 945 1112 980 sacta
1131 955 1234 980 eram

61 1005 288 1040 immortalis.
308 1005 426 1049 Aliqui
448 1008 569 1039 tamen
596 1007 801 1050 exponunt:
831 1015 913 1049 quae
938 1015 1009 1040 non
1028 1016 1130 1040 eram
1153 1015 1234 1040 am-

64 1064 156 1110 plius
174 1064 312 1108 Thales,
333 1064 394 1108 qui
416 1063 481 1098 fuit
500 1064 641 1109 primus
659 1063 703 1099 de
723 1067 860 1109 septem
881 1064 1113 1109 sapientibus,
1135 1064 1232 1110 quod

63 1128 151 1170 puto
188 1124 402 1168 ridiculum,
440 1134 505 1168 per
537 1125 569 1157 lo
597 1125 713 1167 primo
753 1125 872 1167 slrale,
914 1124 1013 1169 idest,
1054 1125 1167 1160 ictum
1199 1128 1236 1160 et

64 1184 347 1230 percussionem,
367 1185 452 1218 delle
481 1194 558 1217 cose
581 1184 717 1228 fallaci,
742 1194 824 1228 quae
857 1194 928 1219 non
960 1188 1107 1219 servant
1136 1184 1235 1229 quod

65 1243 279 1289 promittunt
297 1238 345 1287 (²3,
374 1246 413 1277 ut.
435 1243 512 1289 jam
540 1243 677 1278 dictum
700 1247 769 1287 est3
795 1247 830 1278 et
855 1244 901 1279 ita
929 1254 949 1279 e
976 1248 1101 1279 contra
1129 1254 1236 1279 amor

65 1303 220 1339 aliarum
237 1303 436 1337 mulierum
455 1313 525 1338 non
543 1303 698 1338 debebat
714 1303 859 1338 trahere
878 1307 913 1339 te
931 1303 1116 1339 deorsum.
1136 1304 1235 1339 [nde

65 1363 164 1398 dicit:
192 1374 213 1397 o
237 1364 456 1407 ραι-μοίραις
485 1363 548 1398 ista
578 1363 644 1397 suit
666 1363 866 1408 Juvencula
886 1363 989 1410 virgo
1016 1364 1060 1399 de
1087 1364 1233 1400 civitate

64 1423 220 1467 Lucana,
249 1422 353 1457 cuius
379 1432 507 1457 amore
529 1426 656 1468 captus
675 1426 728 1458 est
749 1423 944 1468 aliquando
967 1428 1046 1469 post
1075 1427 1232 1459 mortem

64 1482 246 1518 Beatricis.
267 1482 308 1516 Et
337 1485 453 1527 potest
481 1482 627 1528 intelligi
655 1482 700 1517 de
726 1482 875 1517 scientia
894 1483 1033 1528 poetica
1056 1494 1139 1528 quae
1159 1493 1237 1518 ma-

64 1543 162 1578 xime
181 1542 306 1588 pulcra
321 1546 355 1577 et
374 1542 594 1577 delectabilis
609 1541 780 1587 competit
793 1542 1018 1587 juvenilibus
1032 1538 1065 1586 ’βξ
1080 1555 1087 1576 :
1104 1554 1124 1576 o
1140 1544 1237 1577 altra

65 1598 194 1645 υαηὶίά,
227 1602 327 1647 idest,
360 1602 429 1637 alia
464 1601 595 1637 mulier
628 1612 731 1647 vana,
760 1602 816 1637 vel
853 1602 1006 1648 dignitas
1043 1612 1147 1646 vana,
1176 1602 1233 1637 vel

64 1662 210 1698 scientia
239 1672 344 1706 vana,
367 1672 431 1695 con
449 1657 477 1696 si
499 1661 600 1696 breve
622 1672 695 1705 uso,
716 1661 801 1706 quia
824 1672 955 1707 parum
979 1662 1087 1697 durat
1118 1661 1237 1697 omnis

64 1722 179 1768 gloria
207 1722 367 1756 humana
395 1720 502 1756 etiam
531 1731 614 1765 quae
637 1721 782 1756 videtur
800 1721 1011 1766 durabilior,
1035 1732 1102 1756 non
1127 1723 1151 1755 li
1173 1722 1236 1756 do-

65 1792 128 1817 ·cea
152 1791 290 1825 gramm·
316 1782 345 1815 le
366 1791 479 1824 penne
505 1782 539 1815 m
565 1782 676 1824 ye'uso,
705 1781 805 1825 idest,
834 1791 905 1816 non
933 1781 1088 1816 debebat
1115 1780 1236 1827 depri-

68 1851 170 1876 mere
196 1841 270 1875 alas
298 1844 379 1875 tuas
406 1840 451 1875 ad
478 1840 648 1875 inferiora
675 1840 719 1875 ad
746 1841 955 1886 ponendum
979 1841 1134 1887 spemin
1157 1841 1235 1885 illis,

66 1902 114 1936 ad
140 1904 293 1945 aspellat·
317 1898 376 1944 piz'c
403 1901 503 1943 colpi,
523 1900 607 1945 quia
637 1911 708 1935 una
735 1900 935 1936 adversitas
957 1905 992 1936 et
1014 1901 1153 1935 fallacia
1172 1901 1237 1935 de-

65 1961 202 1996 buisset
229 1960 398 1995 sufficere
416 1953 449 2002 ff)
479 1959 524 1994 ad
553 1959 776 1994 reddendum
800 1963 835 1995 te
854 1963 1016 1995 cautum.
1038 1960 1080 1994 Et
1106 1959 1238 1994 confir-

69 2023 142 2056 mat
169 2020 304 2055 dictum
331 2030 441 2054 suum
471 2019 639 2064 exemplo
665 2018 741 2053 avis
773 2030 854 2064 qua}
887 2019 1039 2064 parvula
1068 2030 1139 2054 uon
1166 2019 1236 2054 cito

66 2081 123 2116 vel
150 2080 269 2115 statim
299 2079 385 2115 vitat
413 2079 567 2123 insidias,
591 2078 652 2113 sed
675 2078 751 2113 avis
771 2082 916 2113 matura
939 2079 999 2114 sic.
1020 2079 1110 2114 Dicit
1129 2089 1236 2125 ergo:

68 2150 181 2175 nuovo
208 2141 400 2183 attyellelm,
429 2139 633 2184 inexperta,
661 2148 743 2183 quae
780 2139 888 2174 habet
923 2149 1053 2184 parvas
1080 2149 1234 2184 pennas,

65 2203 196 2244 aspecta
227 2200 291 2234 (Ine
322 2202 400 2242 olle,
428 2198 572 2242 scilicet,
607 2198 858 2242 percussiones
890 2201 1087 2243 antequam
1123 2197 1236 2244 fugiat

130 2292 156 2320 ς’)
174 2291 203 2314 E.
222 2291 269 2314 Hic
288 2294 360 2321 poeta
379 2291 439 2314 dicit
457 2291 524 2321 quod
544 2290 654 2313 Beatrix.
782 2289 806 2318 (²)
827 2293 877 2319 1¹7,
896 2292 1048 2321 promittere
1067 2291 1192 2314 videntur.

132 2329 157 2359 (⁸1
176 2329 205 2352 E.
219 2329 364 2359 juvenibus.
782 2328 805 2357 (¹,
826 2329 855 2352 Ε.
873 2329 1011 2353 suffecisse.
