1766 2856
474 276 543 308 308
869 280 1073 305 COMENTUM
1100 281 1265 305 PARADlS1

471 354 642 401 Apollinis
670 353 705 388 in
733 356 859 388 monte
887 353 1048 388 Parnaso
1075 352 1172 398 apud
1204 353 1387 389 civitatem
1415 354 1652 401 Delphorum.

471 415 522 450 Ad
551 413 648 460 quod
675 416 760 448 uota
788 412 887 458 quod
915 413 971 448 hic
999 413 1100 449 locus
1127 413 1194 448 suit
1220 413 1308 448 olim
1334 415 1550 450 venerabilis
1578 418 1654 450 toto

472 474 628 519 mundo,
656 484 742 509 nam
770 472 805 507 in
832 473 901 508 hoc
930 474 1077 519 templo,
1098 477 1139 508 ut
1162 473 1246 509 dicit
1273 474 1447 520 Justi11us,
1463 478 1567 511 erant
1588 475 1655 511 do-

472 534 573 570 naria
602 543 735 580 magna
769 537 805 568 et
838 534 1012 579 opulenta
1048 544 1179 580 regum
1213 537 1249 569 et
1284 535 1526 580 populorum3
1556 536 1654 572 unde

471 595 576 630 multi
598 593 795 640 cupiditate
824 593 957 639 praedae
977 594 1191 630 invaserunt
1210 594 1395 630 civitatem
1415 595 1652 641 Delphorum,

471 655 534 692 sed
562 664 753 700 nunquam
781 653 858 689 sine
887 654 1023 689 ultione
1052 654 1288 689 offendentis:
1309 654 1406 690 unde
1426 655 1562 691 Xerses
1587 665 1654 701 po-

471 715 694 752 tentissimus
722 724 787 750 rex
812 724 1017 761 persarum,
1050 714 1134 749 inde
1161 714 1352 751 infeliciter
1384 715 1552 761 repulsus
1580 719 1655 760 est,

471 780 507 813 et
534 777 703 811 Brennus
730 775 913 822 gallorum
944 774 1106 820 regulus,
1136 774 1198 820 qui
1231 775 1383 821 Italiam,
1411 776 1590 812 Graeciam
1619 780 1656 812 et

471 837 602 872 urbem
631 838 875 881 oppresserat,
897 834 943 870 ibi
963 835 1142 882 sacrilegii
1161 845 1288 881 poenas
1310 836 1388 882 luit,
1407 836 1526 872 deleto
1545 847 1656 873 exer-

470 897 544 933 citu
580 906 648 931 suo
687 905 773 931 cum
810 895 962 930 haberet
990 895 1151 941 peditum
1190 896 1456 943 quinquaginta
1491 896 1656 942 quinque

471 956 599 1001 millia,
617 955 740 1002 Delphi
756 966 845 991 vero
860 966 946 991 cum
962 955 1067 991 sociis
1082 959 1244 1001 quatuor
1260 956 1380 1001 millia,
1397 959 1521 992 tamen
1531 952 1565 1001 (⁴)
1583 956 1652 992 deo

471 1016 627 1063 propitio
646 1016 746 1063 potiti
761 1020 846 1051 sunt
860 1016 1023 1052 victoria.
1039 1017 1092 1052 De
1111 1017 1179 1052 hoc
1200 1017 1284 1052 dicit
1303 1017 1439 1052 Plinius
1462 1017 1557 1053 intra
1578 1020 1654 1053 ter-

472 1088 550 1113 ram
571 1076 706 1112 Beotiae
726 1076 883 1112 liberum
903 1076 1076 1122 oppidum
1097 1077 1254 1122 Delphos
1268 1077 1337 1112 sub
1360 1081 1485 1113 monte
1503 1077 1653 1113 Parnasi

473 1137 663 1173 clarissimi
691 1136 727 1171 in
753 1136 860 1172 terris
887 1137 1039 1172 oraculo
1067 1137 1248 1183 Apollinis.
1277 1137 1400 1173 Livius
1428 1148 1516 1173 vero
1544 1137 1654 1173 dicit:

472 1198 644 1244 Delphos,
663 1207 863 1233 commune
890 1197 1042 1232 humaui
1060 1198 1204 1244 generis
1227 1198 1435 1243 oraculum,
1454 1197 1650 1233 umbilicus

472 1258 570 1294 orbis
593 1262 790 1294 terrarum.
819 1258 862 1293 Et
888 1257 989 1293 dicit:
1014 1259 1155 1302 qnando
1174 1260 1278 1294 alcun
1295 1260 1332 1294 cli
1349 1269 1385 1294 se
1403 1263 1531 1302 assela,
1550 1259 1652 1305 idest,

470 1318 695 1354 sitibundum
718 1322 754 1354 et
772 1317 1025 1354 (lesiderosum
1045 1317 1089 1354 de
1112 1328 1151 1354 se
1172 1318 1278 1354 lauro
1298 1318 1392 1363 facit,
1413 1319 1516 1364 quasi
1536 1319 1651 1355 dicat:

470 1379 616 1426 quando
643 1378 806 1415 accendit
833 1378 1035 1424 appetitum
1064 1378 1233 1424 poetandi
1248 1374 1284 1423 (²)
1304 1379 1340 1414 in
1359 1379 1484 1415 alium.
1504 1380 1581 1416 Hoc
1599 1380 1654 1415 di-

470 1441 515 1477 cit
543 1451 608 1487 pro
640 1450 679 1476 se
710 1439 771 1485 qui
806 1449 904 1474 nunc
931 1443 1011 1474 erat
1046 1439 1095 1475 ita
1126 1439 1330 1475 sitibundus
1357 1440 1527 1486 poetandi
1543 1435 1578 1485 (³)
1608 1440 1654 1477 (le

471 1502 606 1547 templo
633 1500 755 1547 magni
784 1499 966 1546 Apollinis,
994 1499 1095 1545 idest,
1115 1499 1257 1536 Christi.
1273 1503 1442 1535 —Poca.
1463 1500 1526 1536 Hic
1544 1504 1652 1547 poeta

471 1565 548 1609 post
574 1560 875 1607 conquestionem
903 1560 1093 1607 subiungit
1117 1560 1246 1596 ultimo
1265 1561 1463 1607 aliqualem
1486 1561 1653 1597 consola-

469 1623 604 1658 tionem
617 1634 626 1667 ,
641 1625 678 1657 et
697 1621 781 1656 dicit
797 1620 895 1665 quod
910 1620 1004 1656 sorte
1022 1624 1102 1666 post
1121 1631 1208 1656 eum
1224 1621 1371 1656 venient
1391 1621 1650 1658 excellentiora

469 1682 633 1729 ingenia:
663 1684 698 1717 et
725 1680 911 1727 praemittit
938 1691 1051 1716 unani
1080 1681 1297 1716 sententiam
1326 1681 1382 1717 vel
1410 1682 1651 1727 proverbium

469 1742 654 1789 generale,
674 1741 815 1777 dicens:
838 1743 932 1775 Poca
948 1742 1086 1786 favilla,
1104 1740 1206 1786 idest,
1228 1741 1421 1787 parvulam
1442 1741 1646 1787 scintillam,

468 1813 563 1847 yrcm
587 1803 734 1846 flamma
759 1802 925 1844 soconda,
944 1800 1046 1846 idest,
1066 1801 1245 1846 sequitur,
1267 1801 1369 1846 quasi
1397 1801 1493 1838 dicat
1518 1807 1651 1839 autor:

469 1873 538 1910 ego
558 1861 744 1897 modicum
773 1861 927 1897 excitavi
947 1861 1107 1897 favillam
1127 1861 1282 1907 sopitam
1303 1865 1339 1897 et
1358 1861 1568 1908 extinctam,
1589 1862 1652 1898 sed

470 1923 562 1959 forte
576 1926 753 1968 sequetur
770 1932 926 1968 magnus
947 1921 1050 1967 ignis,
1066 1921 1167 1967 idest,
1182 1921 1315 1957 clarior
1332 1926 1439 1968 poeta
1456 1932 1537 1968 me3
1554 1922 1652 1958 unde

467 1983 569 2019 dicit:
586 1985 684 2028 forse
709 1984 739 2017 si
762 1977 953 2027 preylaeerci,
976 1982 1123 2028 scilicet,
1142 1982 1189 2018 ah
1208 1982 1331 2027 aliquo
1354 1987 1461 2029 poeta
1481 1986 1651 2028 venturo,

468 2045 600 2079 (lirelro
627 2054 650 2078 a
677 2054 742 2088 me,
765 2042 826 2088 qui
855 2042 996 2088 primus
1014 2042 1182 2078 omnium
1201 2042 1328 2088 aperui
1353 2042 1447 2077 viam
1474 2042 1518 2077 ad
1540 2042 1650 2078 talem

470 2103 673 2148 materiam,
712 2101 839 2148 perche*
876 2104 993 2147 (Σὺ-να,
1034 2102 1135 2148 idest,
1171 2102 1310 2148 Apollo,
1346 2102 1407 2147 qui
1443 2102 1575 2138 colitur
1615 2102 1650 2137 in

468 2164 596 2200 Cirrha
629 2164 747 2199 altero
769 2163 862 2209 jugo
890 2163 1023 2199 montis
1052 2162 1212 2207 Parnasi,
1240 2163 1425 2208 ris-ponda,
1460 2162 1561 2208 idest,
1591 2173 1651 2198 re-

469 2234 641 2270 sponsum
658 2223 728 2269 (let,
749 2223 842 2259 sicut
861 2224 946 2258 olim
964 2223 1103 2259 solebat
1121 2217 1157 2267 (ἃ)
1177 2222 1253 2257 dari
1276 2233 1447 2269 responsa
1468 2222 1503 2258 in
1522 2222 1649 2258 Cirrha

531 2316 557 2346 (¹)
575 2319 589 2340 4
607 2323 620 2339 ‘c
639 2316 668 2339 Ε.
687 2316 766 2339 millia
785 2319 894 2340 tannim.
1150 2315 1177 2346 (Ξ)
1195 2316 1223 2339 E.
1243 2316 1355 2346 potamii.

532 2355 606 2391 (⁵)VL‘.
626 2354 738 2384 potandi.
1150 2355 1176 2382 (²)
1195 2354 1222 2378 E.
1241 2354 1366 2378 solebant.

1742 2611 1744 2619 -
1742 2591 1743 2597 ⁴
1743 2559 1746 2581 -
1742 2249 1750 2539 -2-v—-m-—.
