1766 2856
508 231 577 263 236
866 235 1069 260 comm-TUM
1096 236 1317 261 PtRGATonn

505 313 612 355 poeta
651 307 805 344 ostendit
841 307 998 352 qualiter
1037 306 1146 342 fuerit
1179 310 1323 353 potatus
1356 318 1452 353 aqua
1487 310 1678 346 oblivionis

504 373 539 404 et
563 369 767 415 assignatus
786 367 993 402 virtutibus.
1010 367 1101 403 Dicit
1125 377 1235 414 ergo:
1264 371 1314 402 La
1341 369 1427 403 bella
1453 371 1587 414 donna,
1607 371 1677 406 sci-

505 429 597 473 licet,
625 428 812 472 Mathildis,
841 429 981 472 aprissi,
1010 427 1111 472 idest,
1146 428 1289 473 aperuit
1321 438 1370 473 se,
1406 431 1491 464 uelle
1521 431 1674 475 braccia,

504 490 637 524 faciens
664 499 750 524 eum
784 488 934 534 dignum
963 488 1080 534 gratia
1115 492 1152 523 et
1183 498 1312 523 amore
1344 500 1411 524 suo
1439 489 1677 535 familiariter,

503 549 772 584 abbraccz'ommi
789 550 825 583 la
847 551 942 593 tesca,
966 548 1026 583 ubi
1048 548 1145 595 viget
1166 549 1356 594 memoria,
1377 561 1394 584 e
1413 551 1459 585 mi
1476 560 1675 594 sommerse,

503 621 621 656 usque
642 610 687 645 ad
708 620 759 654 OS,
779 620 842 644 oce
862 619 1036 644 convenae
1053 610 1103 643 cle'
1119 611 1150 643 ῖο
1169 611 1309 652 Fac-qua
1333 611 1547 655 itzgyhiotlissi,
1573 610 1675 656 idest,

503 671 717 706 imbiberem
734 666 767 714 ζ’)
797 669 842 705 de
869 680 964 714 aqua
993 669 1067 713 illa3
1096 673 1132 704 et
1159 669 1298 704 subdit:
1322 671 1394 704 {mli
1420 672 1467 704 mi
1493 672 1588 713 colse,
1607 670 1676 706 sci-

503 732 596 777 licet,
624 730 799 766 Mathildis
830 733 954 775 postea
982 729 1140 765 extraxit
1168 739 1228 764 me
1254 729 1299 765 de
1325 740 1421 775 aqua
1441 731 1511 775 illa,
1531 742 1548 765 e
1566 732 1676 776 m'of-

499 796 591 838 ferse
622 792 788 835 baynalo,
816 790 916 834 idest,
949 790 1064 825 lotum
1097 793 1133 825 et
1165 790 1382 826 mundatum
1417 791 1452 825 in
1485 791 1543 826 illa
1577 801 1675 836 aqua

502 852 693 898 purissima
721 851 766 885 ab
793 850 892 885 omni
915 850 1125 895 impuritate
1144 850 1330 893 vitiorum,
1349 852 1472 886 dentro
1493 853 1566 885 alla
1585 853 1676 886 dan-

500 923 558 956 za,
591 911 689 955 idest,
709 909 908 956 tripudium
929 913 964 945 et
983 909 1128 954 festum,
1149 911 1234 945 delle
1252 914 1390 955 quanm
1409 911 1503 956 belle,
1526 911 1674 956 scilicet,

504 972 680 1007 virtutum
708 970 918 1015 moralium,
941 980 1024 1015 quae
1043 975 1149 1006 erant
1175 981 1196 1006 a
1225 974 1304 1006 rota
1332 971 1491 1016 sinistra,
1511 975 1546 1007 et
1571 971 1673 1007 dicit:

499 1044 515 1067 e
541 1034 705 1066 ciasczma
736 1032 792 1066 clel
815 1031 953 1065 braccio
989 1032 1036 1065 mi
1067 1041 1221 1075 coperse,
1253 1031 1337 1076 quia
1373 1031 1510 1077 recepit
1544 1042 1604 1067 me
1638 1031 1673 1066 in

498 1094 657 1129 amicum
687 1096 722 1128 et
749 1092 965 1127 servitorem
993 1101 1114 1126 suum.
1130 1112 1178 1116 —
1194 1093 1270 1126 Noz'.
1291 1092 1354 1127 Hic
1373 1096 1479 1138 poeta
1502 1092 1672 1128 describit

497 1153 700 1189 orationem
724 1162 834 1197 quam
854 1151 1048 1186 cantabant
1067 1151 1134 1186 illae
1157 1155 1317 1196 quatuor
1338 1152 1484 1197 pulcrae,
1509 1162 1592 1197 quae
1617 1151 1671 1187 di-

498 1215 646 1250 cebaut:
677 1214 744 1247 Xoi
775 1213 862 1246 siam
891 1213 948 1255 qm·
974 1213 1079 1256 muse,
1109 1211 1209 1256 idest,
1237 1212 1314 1247 deae
1349 1212 1503 1247 fontium
1536 1212 1571 1247 in
1605 1212 1672 1247 ista

495 1275 607 1320 sylva,
636 1272 738 1318 quasi
767 1272 905 1307 dicant:
929 1282 1057 1306 sumus
1086 1272 1358 1318 peregrinantes
1379 1272 1412 1307 in
1433 1272 1499 1308 ista
1518 1273 1670 1308 ecclesia

497 1334 683 1378 militante,
711 1344 728 1367 e
761 1334 815 1367 nel
846 1333 908 1367 ciel
932 1333 1044 1366 siamo
1071 1333 1174 1375 stelle,
1202 1332 1447 1368 illuminantes
1476 1333 1669 1368 mundum.

496 1395 595 1430 Unde
622 1397 727 1440 poeta
757 1392 857 1428 finxit
885 1402 923 1427 se
952 1392 1074 1428 videre
1101 1392 1185 1427 istas
1213 1395 1372 1437 quatuor
1394 1393 1515 1428 stellas
1542 1393 1669 1429 lucen-

495 1459 546 1491 tes
573 1455 607 1489 iu
637 1453 810 1499 principio
830 1452 1049 1498 purgatorii,
1073 1455 1107 1487 et
1131 1452 1266 1486 fuimus
1286 1452 1331 1487 ab
1359 1452 1459 1487 initio
1482 1452 1670 1498 praedesti-

495 1519 598 1550 natae.
627 1514 727 1549 Unde
754 1513 856 1549 dicit:
873 1515 956 1557 pria
976 1514 1034 1547 elce
1053 1514 1210 1547 Recto-tce
1231 1514 1445 1548 discemlesse
1463 1515 1501 1548 al
1527 1515 1669 1558 mondo,

493 1575 626 1610 scilicet
653 1577 738 1608 ante
771 1572 1059 1608 incarnationem
1094 1572 1195 1607 verbi
1224 1573 1299 1617 Dei,
1332 1575 1466 1617 fitnwno
1506 1575 1668 1608 ordinate

493 1645 515 1668 (1
543 1636 584 1669 lei
606 1645 671 1678 per
696 1644 754 1668 sue
781 1633 921 1675 ancello,
949 1632 1051 1677 quasi
1071 1632 1210 1667 dicant:
1235 1633 1371 1667 suimus
1391 1633 1425 1667 in
1446 1643 1584 1678 genere
1603 1634 1668 1669 lio·-

493 1695 632 1729 minum
661 1693 707 1728 ab
734 1693 884 1738 antiquo
906 1702 970 1738 per
993 1692 1107 1727 multa
1127 1692 1259 1727 saecula
1282 1696 1366 1726 ante
1387 1692 1583 1737 Christum,
1604 1693 1666 1729 sed

492 1754 715 1801 imperfecte,
753 1753 838 1798 quia
875 1753 1163 1798 expectabamus
1189 1752 1277 1787 alias
1314 1756 1387 1788 tres
1423 1753 1666 1799 theologicas,

493 1814 589 1850 unde
607 1814 708 1849 dicit:
733 1814 932 1855 menerenli,
951 1812 1053 1857 idest,
1073 1812 1251 1847 ducemus
1272 1816 1317 1857 te⁷
1337 1811 1355 1831 ²³<
1370 1813 1443 1856 ([9Ιὶ
1464 1813 1559 1847 ocelli
1575 1815 1663 1858 suoi,

492 1874 594 1921 quasi
622 1874 734 1909 dicat:
764 1873 1067 1919 praesentabimus
1100 1867 1217 1917 tessffi),
1252 1882 1377 1907 coram
1409 1882 1472 1908 ea:
1505 1875 1541 1908 et
1571 1873 1665 1909 bene

491 1934 592 1970 dicit:
621 1933 706 1979 quia
733 1933 851 1979 prima
879 1943 962 1978 pars
990 1932 1180 1978 theologiae
1207 1935 1261 1967 est
1287 1931 1331 1967 de
1351 1932 1461 1967 rebus
1482 1932 1664 1978 humanis,

490 1995 582 2031 sicut
608 1995 653 2030 de
680 1994 876 2029 virtutibus
903 1997 939 2029 et
965 1993 1141 2038 moribus,
1161 1992 1222 2028 sed
1241 1992 1311 2028 alia
1330 2003 1414 2038 pars
1437 1992 1590 2027 nobilior
1611 1996 1665 2028 est

489 2056 533 2091 de
559 2055 697 2091 divinis.
726 2054 827 2090 Unde
853 2054 956 2089 dicit:
977 2064 1034 2088 ma
1061 2055 1090 2088 le
1117 2057 1168 2087 {re
1194 2054 1230 2087 di
1255 2047 1302 2096 Ιὰ,
1323 2052 1468 2097 scilicet,
1488 2052 1567 2087 aliae
1591 2055 1664 2088 tres

489 2115 700 2161 pulcriores,
728 2115 787 2149 che
814 2115 931 2148 ηιίναη
951 2111 1014 2158 piz'c
1035 2114 1229 2158 profonda,
1257 2112 1341 2157 quia
1370 2111 1491 2147 vident
1519 2112 1662 2148 occulta

488 2174 691 2218 divinitatis,
723 2175 1014 2217 ayuzzeramzoff
1048 2175 1130 2216 moi,
1161 2173 1306 2217 scilicet,
1334 2172 1459 2207 oculos
1486 2175 1580 2217 tuos,
1609 2173 1666 2207 nel

551 2268 577 2295 (¹)
595 2268 624 2291 E.
643 2267 765 2290 biberem.

551 2307 575 2336 (ἢ
594 2307 628 2330 Lo
646 2307 733 2336 parole
751 2306 790 2330 sra
807 2308 814 2330 i
831 2307 880 2330 due
898 2307 1028 2330 asterisclii
1046 2314 1091 2330 son
1108 2307 1217 2336 supplite
1235 2306 1275 2329 dal
1293 2305 1385 2329 Codice
1404 2308 1456 2329 ¹17.
