1766 2856
511 233 580 265 430
906 238 1109 264 coMENTUM
1137 238 1301 263 PARAmsl

509 312 752 358 praecipitatus
775 314 829 346 est
848 310 934 356 quia
954 310 1147 346 videbatur
1166 310 1340 346 affectare
1363 320 1538 357 regnum:
1561 311 1692 348 deinde

507 372 606 406 Titus
634 372 785 407 Manlius
814 371 923 416 impie
951 373 1128 406 tractatus
1155 381 1177 406 a
1204 374 1318 416 patre,
1339 371 1400 416 qui
1428 381 1515 407 eum
1544 373 1691 408 tenebat

507 432 541 466 in
570 442 658 467 rure
685 432 730 467 ad
757 442 870 478 opera
901 431 1060 477 servilia,
1088 431 1255 467 liberavit
1282 434 1426 477 patrem
1459 432 1505 467 ab
1538 443 1691 470 accusa-

509 491 604 527 lione
635 492 781 527 tribuni.
802 492 900 528 Idem
924 492 1061 538 gallum
1086 502 1202 527 unum
1229 501 1403 527 senonem
1428 497 1689 537 provocantem

508 552 592 587 vicit
620 552 655 587 in
683 552 858 599 singulari
886 552 1101 597 certamine,
1129 563 1149 588 a
1179 562 1253 598 quo
1281 551 1401 587 occiso
1424 555 1597 598 torquem
1624 564 1691 589 au-

510 623 610 648 ream
630 609 665 657 4¹}
685 613 849 658 extorsit,
873 616 907 648 et
932 612 1103 658 imposuit
1122 612 1215 648 collo
1238 622 1316 658 suo,
1340 616 1489 658 propter
1508 614 1606 659 quod
1628 625 1691 651 co-

508 673 745 719 gnominatus
774 676 826 709 est
853 673 1072 718 Torquatus,
1101 676 1137 708 et
1164 682 1292 708 omnes
1325 672 1369 708 de
1404 673 1515 719 stirpe
1543 685 1619 710 sua.
1649 674 1691 710 Et

506 733 602 769 idem
632 734 693 779 qui
718 734 837 770 fuerat
856 733 936 780 pius
956 743 1045 780 erga
1065 736 1207 779 patrem
1231 733 1336 768 nimis
1360 733 1497 780 rigidus
1519 734 1586 769 suit
1604 745 1692 770 con-

506 798 563 830 tra
592 795 725 838 filium3
755 805 838 829 nam
868 794 903 828 in
930 794 1025 829 bello
1052 794 1164 829 latino
1191 794 1396 840 periculoso
1428 794 1542 830 filium
1570 795 1691 831 securi

506 854 694 901 percussit,
710 854 770 899 qui
793 854 946 889 latinum
968 858 1230 900 provocantem
1247 854 1363 890 victor
1385 854 1580 901 occiderat,
1602 855 1689 901 quia

507 918 635 950 contra
668 913 827 949 edictum
861 914 1054 949 consulum
1088 918 1328 961 pugnaverat.
1368 915 1411 950 Et
1445 915 1481 950 in
1515 925 1559 951 eo
1594 915 1691 951 bello

506 974 600 1010 alter
627 975 755 1010 consul
782 974 914 1010 Decius
943 985 1027 1010 mox
1056 985 1122 1021 pro
1142 985 1209 1010 suo
1228 975 1393 1011 exercitu
1419 986 1459 1011 se
1476 975 1634 1021 devovit,
1656 982 1692 1013 et

511 1035 655 1070 irruens
683 1035 832 1070 inermis
855 1045 940 1070 cum
961 1045 1058 1080 equo
1078 1039 1205 1070 contra
1226 1036 1347 1071 hostes
1368 1035 1509 1071 occisus
1528 1039 1592 1071 est.
1613 1036 1693 1071 Non

509 1095 645 1130 mirum
675 1105 764 1141 ergo
793 1095 821 1129 si
850 1095 992 1130 romani
1018 1095 1207 1130 redierunt
1226 1106 1311 1130 cum
1333 1095 1484 1131 victoria
1505 1100 1540 1131 et
1560 1096 1692 1131 trium—

510 1156 589 1201 pho.
603 1155 654 1190 Ad
669 1155 915 1202 cognitionem
930 1155 1064 1197 Quintii
1085 1159 1137 1191 est
1157 1156 1343 1191 sciendum
1368 1156 1477 1201 quod,
1493 1157 1585 1192 sicut
1605 1157 1692 1192 scri-

509 1216 558 1251 bit
586 1215 706 1251 Livius
735 1215 826 1251 libro
854 1215 909 1260 III,
936 1215 1104 1257 Quintius
1131 1216 1365 1251 Cincinnatus
1390 1216 1583 1263 singularis
1611 1227 1692 1263 spes

509 1276 649 1322 imperii
679 1276 799 1322 populi
829 1276 984 1320 romani,
1012 1286 1152 1322 pauper
1180 1276 1294 1312 sactus
1314 1287 1358 1312 ex
1385 1277 1692 1313 condemnatione

508 1336 640 1372 iniusta
659 1347 770 1382 quam
792 1337 951 1372 solverat
971 1346 1036 1382 pro
1056 1337 1221 1372 Censone
1248 1337 1319 1372 filio
1348 1347 1415 1373 suo
1439 1337 1579 1383 juvene
1605 1348 1692 1383 pro-

510 1397 669 1442 bissimo,
698 1397 885 1432 habitabat
927 1397 1023 1432 ultra
1057 1397 1216 1432 Tiberim
1252 1408 1386 1433 vacans
1418 1398 1519 1444 operi
1556 1397 1692 1433 rustico

509 1457 656 1503 quando
684 1457 881 1502 requisitus
908 1461 962 1492 est
991 1457 1089 1502 quod
1118 1457 1233 1493 sactus
1260 1457 1414 1493 dictator
1446 1457 1588 1493 veniret
1619 1458 1694 1493 Ro-

511 1528 621 1561 mam,
643 1517 727 1562 quia
750 1517 922 1551 Minutius
950 1518 1076 1552 consul
1105 1528 1190 1552 cum
1211 1521 1286 1553 toto
1306 1518 1469 1554 exercitu
1498 1518 1533 1553 in
1562 1528 1693 1564 campo

511 1580 590 1612 erat
605 1577 775 1612 obsessus
795 1577 841 1611 ab
856 1577 983 1622 ,Equis
1000 1577 1162 1612 hostibus
1179 1588 1435 1613 romanorum:
1453 1579 1513 1624 qui
1532 1578 1692 1623 veniens,

510 1637 604 1672 facto
631 1641 808 1682 apparatu
837 1647 915 1682 suo,
944 1637 1063 1672 statim
1093 1637 1231 1672 obsedit
1260 1639 1379 1673 hostes
1402 1639 1464 1684 qui
1493 1650 1689 1674 romanum

512 1697 716 1733 exercitum
738 1699 773 1731 et
792 1697 979 1732 consulem
1001 1697 1218 1732 clauserant.
1243 1698 1285 1733 Et
1311 1698 1471 1734 breviter
1492 1699 1599 1744 AEqui
1621 1699 1691 1734 im-

511 1757 660 1803 pugnati
688 1756 734 1791 ab
763 1767 835 1791 una
868 1760 970 1801 parte
997 1767 1016 1791 a
1046 1757 1234 1803 dictatore,
1268 1758 1314 1793 ab
1349 1759 1462 1794 altera
1492 1770 1512 1794 a
1540 1759 1692 1795 consule

509 1817 725 1853 dediderunt
741 1827 790 1861 se,
807 1826 899 1862 quos
919 1817 953 1851 111
973 1817 1118 1863 signum
1139 1818 1325 1853 servitutis
1344 1819 1561 1866 subjugum
1583 1820 1690 1865 misit,

510 1881 544 1913 et
581 1879 694 1911 totam
727 1876 888 1922 praedam
926 1878 1045 1912 solum
1083 1877 1176 1913 dedit
1216 1879 1289 1914 suis
1330 1880 1502 1915 militibus
1540 1880 1690 1916 consule

509 1941 662 1982 cassato,
683 1940 718 1972 et
745 1947 830 1971 cum
860 1936 1045 1983 triumpho
1074 1938 1154 1974 laete
1184 1939 1285 1974 rediit
1315 1943 1349 1975 et
1376 1940 1541 1986 spoliavit
1569 1950 1607 1976 se
1636 1940 1691 1975 di—

509 2002 652 2034 ctatura
680 2001 782 2033 sexta
810 1997 951 2033 decima
979 1998 1047 2043 die,
1077 2010 1187 2044 quam
1223 2003 1345 2035 tamen
1378 2000 1413 2035 in
1447 2010 1508 2036 sex
1545 2010 1690 2036 menses

508 2061 711 2104 acceperat,
742 2057 787 2093 ita
816 2062 856 2092 ut
883 2058 927 2093 ad
955 2058 1144 2094 dimissum
1174 2070 1264 2105 opus
1294 2060 1472 2095 rusticum
1496 2060 1615 2096 redire
1637 2061 1691 2096 vi-

510 2118 670 2153 deretur.
693 2118 742 2152 Ad
763 2119 1007 2165 cognitionem
1029 2120 1224 2156 Deciorum
1249 2124 1299 2156 est
1324 2121 1472 2157 brevius
1500 2121 1688 2157 sciendum

509 2178 606 2223 quod
634 2178 837 2213 secundum
867 2179 1007 2214 Livium
1037 2183 1072 2215 ct
1099 2180 1188 2215 alios
1215 2181 1416 2226 historicos,
1440 2181 1513 2216 duo
1541 2181 1689 2217 suerunt

573 2306 600 2336 (¹)
619 2306 647 2329 13.
666 2307 730 2329 auri,
