1737 2836
505 242 642 268 CANTUS
669 243 834 274 omncs.
1185 237 1253 268 409

78 315 156 350 loco
184 314 332 361 virginis
359 314 457 359 quod
487 313 523 349 in
558 315 641 350 luco
675 318 768 349 esset
802 314 991 358 oblatum3
1019 318 1055 349 et
1082 315 1256 349 continuo

76 375 229 410 cessavit
257 378 471 420 tempestas:
500 377 534 410 et
562 374 847 409 deliberantibus
874 374 1012 409 cunctis
1045 374 1254 420 stupefactis

76 445 187 470 cerva
214 434 435 480 pulcerrima
468 434 637 479 apparuit
672 437 756 469 ante
792 444 908 479 aram,
937 444 1048 479 quam
1078 434 1250 469 continuo

76 495 373 530 immolaverunt.
402 495 443 529 Et
470 493 624 529 Achilles
651 497 686 529 et
713 493 771 528 alii
800 493 1022 528 clandestine
1048 493 1253 529 destinave—

78 557 163 589 runt
190 554 368 600 virginem
388 554 433 589 ad
452 563 577 600 regem
605 553 828 599 scytharum,
848 553 910 597 qui
937 558 1022 589 tunc
1049 557 1147 589 erat:
1177 564 1251 599 quo

76 614 169 649 sacto
189 624 294 660 reges
313 614 499 649 venientes
518 613 562 649 ad
582 613 896 659 Agamemnonem
918 616 1091 648 moestum
1120 624 1251 649 conso-

75 674 136 709 lati
164 674 402 709 restituerunt
429 674 547 719 ipsum
575 673 619 708 ad
648 673 807 719 primun]
842 673 1029 708 honorem.
1065 673 1155 715 Quae
1196 684 1254 708 res

76 734 140 769 suit
165 733 371 780 gratissima
399 733 588 778 exercitui,
612 733 697 778 quia
720 743 846 768 omnes
866 733 967 767 illum
988 733 1087 768 velut
1107 737 1249 779 patrem

76 793 382 839 sapientissimum
411 793 587 829 colebant.
615 793 777 835 Qualiter
805 796 930 828 autem
958 793 1103 828 Orestes
1131 793 1249 829 occisa

75 856 194 888 matre
213 853 421 898 pervenerit
446 853 491 888 ad
513 853 734 899 Iphigeniam
755 862 919 888 sororem
940 863 1046 887 suam
1067 863 1138 888 non
1164 864 1250 898 pro—

74 924 221 959 sequor7
238 914 322 958 quia
339 924 411 949 non
427 913 509 949 facit
523 913 567 948 ad
584 913 827 959 propositum3
844 913 905 947 sed
920 913 947 947 si
968 913 1061 948 scire
1075 913 1162 948 velis
1182 914 1250 948 hoc

74 974 195 1009 scribit
222 973 370 1009 Ovidius
397 974 495 1009 clare
523 974 614 1008 libro
634 974 678 1008 de
698 974 822 1008 Ponto.
843 973 912 1008 Sed
933 973 988 1008 hic
1008 977 1103 1017 nota,
1124 974 1249 1018 lector,

75 1034 173 1079 quod
201 1033 404 1069 secundum
431 1033 593 1068 fabulam
614 1030 649 1076 U)
679 1036 784 1078 poeta
812 1037 934 1068 noster
958 1033 1102 1068 videtur
1128 1033 1250 1069 dicere

76 1094 224 1139 salsum5
245 1093 329 1138 quia
349 1096 602 1139 Agamemnon
622 1103 694 1128 non
715 1093 812 1128 vovit
832 1104 897 1129 nec
917 1093 1119 1129 immolavit
1138 1094 1248 1129 filiam

73 1157 211 1200 sponte7
228 1153 302 1188 imo
317 1164 462 1199 semper
478 1154 607 1199 vetuit3
624 1154 685 1189 sed
700 1154 893 1189 dicendum
909 1158 962 1190 est
978 1154 1075 1199 quod
1089 1158 1197 1190 autor
1212 1151 1246 1199 (2)

71 1214 208 1260 accepit
223 1214 291 1249 hoc
305 1224 324 1249 a
342 1214 457 1248 Tullio
472 1214 534 1259 qui
549 1215 671 1250 scribit
687 1214 793 1250 tertio
808 1215 1021 1250 Officiorum
1038 1215 1135 1260 quod
1151 1216 1247 1262 Aga-

70 1284 244 1310 memnon
272 1284 357 1309 cum
381 1274 585 1310 devovisset
604 1275 737 1320 Dianae,
758 1276 855 1320 quod
875 1276 909 1310 in
933 1286 1000 1310 suo
1030 1286 1143 1322 regno
1166 1277 1247 1322 pul-

69 1335 269 1370 cerrimum
300 1338 425 1370 natum
454 1339 549 1371 esset
576 1336 635 1371 illo
661 1346 769 1381 anno,
798 1336 1000 1371 immolavit
1022 1336 1244 1382 Iphigeniam

69 1406 142 1440 qua
170 1396 255 1430 nihil
283 1399 362 1430 erat
389 1406 432 1431 eo
451 1406 547 1430 anno
568 1399 693 1431 natum
715 1396 886 1441 pulcrius.
908 1397 950 1430 Et
967 1396 1084 1441 primo
1106 1396 1246 1431 Tuscu-

69 1456 139 1491 lani
159 1456 243 1491 ‹licit
265 1455 447 1501 Iphigenia
473 1455 507 1490 in
528 1456 654 1491 Aulide
682 1456 763 1491 duci
788 1467 826 1491 se
854 1457 1113 1492 immolandam
1129 1457 1246 1503 jubet,

69 1521 109 1552 ut
128 1517 286 1551 hostium
306 1515 453 1562 sanguis
472 1515 692 1551 effundatur.
709 1516 812 1551 Nunc
831 1517 875 1551 ad
896 1517 1038 1552 literam
1056 1517 1138 1552 dicit
1154 1517 1246 1553 Bea-

69 1577 162 1612 trix:
203 1579 232 1611 Ε
261 1577 420 1611 νίίνουαν
450 1577 546 1619 pum,
582 1576 717 1611 scilicet
752 1577 929 1621 homines,
967 1579 999 1611 lo
1031 1588 1125 1620 gli-an
1156 1578 1247 1612 duca

67 1638 119 1672 de'
135 1638 247 1679 Greci,
276 1636 603 1681 Agamemnonem,
635 1632 703 1670 cos}
737 1638 851 1680 scolco,
887 1637 923 1671 in
960 1637 1125 1672 vovendo
1153 1637 1246 1672 sicut

67 1698 230 1743 Jephthe.
254 1696 355 1732 Unde
374 1696 511 1731 Tullius
538 1696 641 1731 dicit:
664 1698 878 1741 promissmn
892 1698 1007 1741 potius
1024 1708 1095 1732 von
1112 1699 1245 1742 sacien-

67 1759 161 1801 clnm,
192 1767 295 1801 qnam
323 1761 393 1791 lam
414 1758 551 1791 crudele
563 1761 741 1801 peccalum
764 1759 1049 1792 committendum.
1078 1758 1120 1792 Et
1139 1758 1243 1793 dicit:

67 1818 156 1851 oncle
179 1818 302 1860 pianse
328 1817 474 1860 Ifiyem'a
500 1817 526 1850 il
549 1827 612 1850 suo
638 1817 691 1851 bel
716 1818 819 1861 volco,
847 1817 927 1852 licet
953 1828 1025 1853 non
1053 1818 1145 1853 sicut
1172 1817 1243 1852 filia

67 1877 229 1922 Jephthe7
257 1887 274 1910 e
297 1877 342 1921 [θ’
359 1877 510 1920 pianyer
537 1878 572 1911 da·
597 1887 633 1911 se
658 1878 670 1910 z·
699 1878 777 1921 solli
803 1888 820 1911 e
846 1879 858 1911 ί
884 1879 972 1922 savi,
1005 1878 1107 1923 quasi
1135 1878 1242 1920 dicat,

67 1947 195 1972 omnes
223 1937 396 1971 hahentes
423 1937 623 1971 humanam
651 1936 893 1982 affectionem,
921 1939 979 1972 che
1009 1939 1089 1971 mlir
1113 1939 1243 1982 parlm·

67 1998 103 2032 da·
128 1993 198 2032 cos}
221 1999 309 2042 sallo
336 1998 444 2041 coleo;
472 2000 609 2041 quanto
637 1997 753 2041 magis
781 1997 843 2041 qui
871 1997 1058 2032 viderunt!
1078 1998 1120 2032 Et
1143 2002 1243 2033 certe

67 2057 183 2092 simile
202 2057 328 2092 secisse
356 2060 529 2092 narratur
548 2056 641 2091 alius
659 2056 731 2091 (lux
753 2066 896 2102 graecus
916 2057 1143 2103 Idomeneus,
1164 2058 1238 2103 qui,

67 2120 107 2151 ut
139 2117 261 2151 scribit
288 2116 469 2163 Virgilius,
504 2116 716 2151 imminente
748 2116 864 2151 valida
902 2120 1118 2163 tempestate
1154 2129 1238 2153 cum

68 2177 200 2212 rediret
227 2188 247 2212 a
275 2177 391 2221 Troia,
412 2177 509 2212 vovit
537 2187 577 2211 se
603 2176 881 2211 immolaturum
903 2177 1058 2223 primam
1082 2188 1160 2213 rem
1180 2188 1241 2214 oc-

127 2307 153 2337 (Ὃ
172 2308 200 2331 E.
219 2308 331 2331 fabulam
350 2308 476 2337 poeticam
494 2310 569 2338 poeta
587 2310 683 2331 noster.
811 2308 836 2335 (²)
854 2308 884 2331 E.
902 2311 978 2331 autor
995 2311 1082 2332 noster
1099 2309 1206 2338 accepit.
