<?xml version="1.0" encoding="UTF-8"?>
<!DOCTYPE html PUBLIC "-//W3C//DTD XHTML 1.0 Transitional//EN"
    "http://www.w3.org/TR/xhtml1/DTD/xhtml1-transitional.dtd">
<html xmlns="http://www.w3.org/1999/xhtml" xml:lang="en" lang="en">
 <head>
  <title>
</title>
<meta http-equiv="Content-Type" content="text/html;charset=utf-8" />
  <meta name='ocr-system' content='tesseract 3.04.00' />
  <meta name='ocr-capabilities' content='ocr_page ocr_carea ocr_par ocr_line ocrx_word'/>
</head>
<body>
  <div class='ocr_page' id='page_1' title='image "./comentumsuperdan04benvuoft_0126.png"; bbox 0 0 1766 2856; ppageno 0'>
   <div class='ocr_carea' id='block_1_1' title="bbox 534 231 1336 262">
    <p class='ocr_par' dir='ltr' id='par_1_1' title="bbox 534 231 1336 262">
     <span class='ocr_line' id='line_1_1' title="bbox 534 231 1336 262; baseline -0.005 0"><span class='ocrx_word' id='word_1_1' title='bbox 534 231 549 262; x_wconf 90' lang='lat'>1</span> <span class='ocrx_word' id='word_1_2' title='bbox 558 231 574 262; x_wconf 93' lang='lat'>1</span> <span class='ocrx_word' id='word_1_3' title='bbox 581 231 601 261; x_wconf 79' lang='lat'><strong>4</strong></span> <span class='ocrx_word' id='word_1_4' title='bbox 891 234 1092 260; x_wconf 52' lang='lat' dir='ltr'>comm-TUM</span> <span class='ocrx_word' id='word_1_5' title='bbox 1118 234 1336 259; x_wconf 67' lang='lat' dir='ltr'>Pcsscssomr</span> 
     </span>
    </p>
   </div>
   <div class='ocr_carea' id='block_1_2' title="bbox 527 305 1704 2148">
    <p class='ocr_par' dir='ltr' id='par_1_2' title="bbox 527 305 1704 2148">
     <span class='ocr_line' id='line_1_2' title="bbox 530 305 1699 352; baseline -0.001 -10"><span class='ocrx_word' id='word_1_6' title='bbox 530 308 645 352; x_wconf 86' lang='lat' dir='ltr'>Danti,</span> <span class='ocrx_word' id='word_1_7' title='bbox 665 307 749 352; x_wconf 83' lang='lat' dir='ltr'>quia</span> <span class='ocrx_word' id='word_1_8' title='bbox 778 310 935 351; x_wconf 89' lang='lat' dir='ltr'>uterque</span> <span class='ocrx_word' id='word_1_9' title='bbox 962 305 1157 350; x_wconf 87' lang='lat' dir='ltr'>aliquando</span> <span class='ocrx_word' id='word_1_10' title='bbox 1183 305 1303 340; x_wconf 88' lang='lat' dir='ltr'>fuerat</span> <span class='ocrx_word' id='word_1_11' title='bbox 1331 309 1503 351; x_wconf 79' lang='lat' dir='ltr'>expertus</span> <span class='ocrx_word' id='word_1_12' title='bbox 1528 306 1699 342; x_wconf 85' lang='lat' dir='ltr'>ardorem</span> 
     </span>
     <span class='ocr_line' id='line_1_3' title="bbox 530 365 1700 413; baseline 0 -11"><span class='ocrx_word' id='word_1_13' title='bbox 530 368 637 403; x_wconf 90' lang='lat' dir='ltr'>huius</span> <span class='ocrx_word' id='word_1_14' title='bbox 657 367 759 413; x_wconf 82' lang='lat' dir='ltr'>ignis,</span> <span class='ocrx_word' id='word_1_15' title='bbox 779 376 888 412; x_wconf 88' lang='lat' dir='ltr'>quem</span> <span class='ocrx_word' id='word_1_16' title='bbox 919 376 990 401; x_wconf 93' lang='lat' dir='ltr'>non</span> <span class='ocrx_word' id='word_1_17' title='bbox 1017 366 1148 412; x_wconf 89' lang='lat' dir='ltr'>poterit</span> <span class='ocrx_word' id='word_1_18' title='bbox 1176 366 1232 401; x_wconf 84' lang='lat' dir='ltr'>hic</span> <span class='ocrx_word' id='word_1_19' title='bbox 1253 365 1407 401; x_wconf 86' lang='lat' dir='ltr'>finaliter</span> <span class='ocrx_word' id='word_1_20' title='bbox 1426 366 1595 412; x_wconf 85' lang='lat' dir='ltr'>evadere,</span> <span class='ocrx_word' id='word_1_21' title='bbox 1615 367 1700 412; x_wconf 87' lang='lat' dir='ltr'>quia</span> 
     </span>
     <span class='ocr_line' id='line_1_4' title="bbox 529 425 1699 473; baseline -0.001 -11"><span class='ocrx_word' id='word_1_22' title='bbox 529 427 709 473; x_wconf 80' lang='lat' dir='ltr'>oportebit</span> <span class='ocrx_word' id='word_1_23' title='bbox 744 426 881 462; x_wconf 87' lang='lat' dir='ltr'>intrare</span> <span class='ocrx_word' id='word_1_24' title='bbox 917 426 1026 461; x_wconf 87' lang='lat' dir='ltr'>istum</span> <span class='ocrx_word' id='word_1_25' title='bbox 1061 425 1181 472; x_wconf 84' lang='lat' dir='ltr'>ignem</span> <span class='ocrx_word' id='word_1_26' title='bbox 1216 430 1251 461; x_wconf 90' lang='lat' dir='ltr'>et</span> <span class='ocrx_word' id='word_1_27' title='bbox 1289 425 1454 471; x_wconf 83' lang='lat' dir='ltr'>transire,</span> <span class='ocrx_word' id='word_1_28' title='bbox 1488 429 1527 461; x_wconf 90' lang='lat' dir='ltr'>ut</span> <span class='ocrx_word' id='word_1_29' title='bbox 1564 426 1699 472; x_wconf 85' lang='lat' dir='ltr'>patebit</span> 
     </span>
     <span class='ocr_line' id='line_1_5' title="bbox 530 486 1700 532; baseline 0 -11"><span class='ocrx_word' id='word_1_30' title='bbox 530 486 564 521; x_wconf 92' lang='lat' dir='ltr'>in</span> <span class='ocrx_word' id='word_1_31' title='bbox 592 486 757 532; x_wconf 80' lang='lat' dir='ltr'>sequenti</span> <span class='ocrx_word' id='word_1_32' title='bbox 785 486 954 532; x_wconf 87' lang='lat' dir='ltr'>capitulo.</span> <span class='ocrx_word' id='word_1_33' title='bbox 971 488 1193 521; x_wconf 64' lang='lat' dir='ltr'>—Summffl</span> <span class='ocrx_word' id='word_1_34' title='bbox 1213 486 1277 521; x_wconf 89' lang='lat' dir='ltr'>Hic</span> <span class='ocrx_word' id='word_1_35' title='bbox 1304 489 1409 532; x_wconf 88' lang='lat' dir='ltr'>poeta</span> <span class='ocrx_word' id='word_1_36' title='bbox 1437 486 1535 532; x_wconf 88' lang='lat' dir='ltr'>ponit</span> <span class='ocrx_word' id='word_1_37' title='bbox 1562 486 1700 522; x_wconf 89' lang='lat' dir='ltr'>oratio—</span> 
     </span>
     <span class='ocr_line' id='line_1_6' title="bbox 530 543 1700 592; baseline -0.001 -10"><span class='ocrx_word' id='word_1_38' title='bbox 530 557 613 582; x_wconf 89' lang='lat' dir='ltr'>nem</span> <span class='ocrx_word' id='word_1_39' title='bbox 648 557 760 592; x_wconf 86' lang='lat' dir='ltr'>quam</span> <span class='ocrx_word' id='word_1_40' title='bbox 791 550 935 581; x_wconf 83' lang='lat' dir='ltr'>cantant</span> <span class='ocrx_word' id='word_1_41' title='bbox 950 543 984 590; x_wconf 48' lang='grc' dir='ltr'>ζ’)</span> <span class='ocrx_word' id='word_1_42' title='bbox 1015 546 1191 581; x_wconf 78' lang='lat' dir='ltr'><strong>luxuriosi</strong></span> <span class='ocrx_word' id='word_1_43' title='bbox 1224 546 1259 581; x_wconf 92' lang='lat' dir='ltr'>in</span> <span class='ocrx_word' id='word_1_44' title='bbox 1286 546 1542 592; x_wconf 76' lang='lat' dir='ltr'>purgationem</span> <span class='ocrx_word' id='word_1_45' title='bbox 1576 556 1700 590; x_wconf 78' lang='lat' dir='ltr'>suam3</span> 
     </span>
     <span class='ocr_line' id='line_1_7' title="bbox 530 601 1703 652; baseline 0 -11"><span class='ocrx_word' id='word_1_46' title='bbox 530 610 566 642; x_wconf 89' lang='lat' dir='ltr'>et</span> <span class='ocrx_word' id='word_1_47' title='bbox 592 606 686 652; x_wconf 85' lang='lat' dir='ltr'>dicit,</span> <span class='ocrx_word' id='word_1_48' title='bbox 706 606 803 651; x_wconf 88' lang='lat' dir='ltr'>quod</span> <span class='ocrx_word' id='word_1_49' title='bbox 830 610 976 642; x_wconf 80' lang='lat' dir='ltr'>cantant</span> <span class='ocrx_word' id='word_1_50' title='bbox 991 601 1025 650; x_wconf 51' lang='grc' dir='ltr'>ἒ)</span> <span class='ocrx_word' id='word_1_51' title='bbox 1047 616 1164 641; x_wconf 88' lang='lat' dir='ltr'>unum</span> <span class='ocrx_word' id='word_1_52' title='bbox 1184 607 1362 652; x_wconf 65' lang='lat' dir='ltr'>hymnum</span> <span class='ocrx_word' id='word_1_53' title='bbox 1383 605 1444 651; x_wconf 89' lang='lat' dir='ltr'>qui</span> <span class='ocrx_word' id='word_1_54' title='bbox 1463 605 1600 642; x_wconf 83' lang='lat' dir='ltr'>directe</span> <span class='ocrx_word' id='word_1_55' title='bbox 1619 606 1703 641; x_wconf 82' lang='lat' dir='ltr'>facit</span> 
     </span>
     <span class='ocr_line' id='line_1_8' title="bbox 530 666 1703 702; baseline -0.001 0"><span class='ocrx_word' id='word_1_56' title='bbox 530 670 655 702; x_wconf 87' lang='lat' dir='ltr'>contra</span> <span class='ocrx_word' id='word_1_57' title='bbox 691 666 887 702; x_wconf 82' lang='lat' dir='ltr'>luxuriam.</span> <span class='ocrx_word' id='word_1_58' title='bbox 917 666 1018 701; x_wconf 85' lang='lat' dir='ltr'>Unde</span> <span class='ocrx_word' id='word_1_59' title='bbox 1054 666 1155 701; x_wconf 87' lang='lat' dir='ltr'>dicit:</span> <span class='ocrx_word' id='word_1_60' title='bbox 1193 667 1261 700; x_wconf 67' lang='grc' dir='ltr'>παῖ’</span> <span class='ocrx_word' id='word_1_61' title='bbox 1289 668 1406 700; x_wconf 77' lang='lat' dir='ltr'>allorcz</span> <span class='ocrx_word' id='word_1_62' title='bbox 1437 667 1612 701; x_wconf 78' lang='lat' dir='ltr'>cantando</span> <span class='ocrx_word' id='word_1_63' title='bbox 1647 668 1703 701; x_wconf 74' lang='lat' dir='ltr'>nel</span> 
     </span>
     <span class='ocr_line' id='line_1_9' title="bbox 530 726 1698 772; baseline -0.001 -11"><span class='ocrx_word' id='word_1_64' title='bbox 530 737 626 771; x_wconf 77' lang='lat' dir='ltr'>seno,</span> <span class='ocrx_word' id='word_1_65' title='bbox 645 726 745 772; x_wconf 79' lang='lat' dir='ltr'>idest,</span> <span class='ocrx_word' id='word_1_66' title='bbox 772 727 807 761; x_wconf 92' lang='lat' dir='ltr'>in</span> <span class='ocrx_word' id='word_1_67' title='bbox 834 726 1033 772; x_wconf 78' lang='lat' dir='ltr'>capacitate</span> <span class='ocrx_word' id='word_1_68' title='bbox 1060 726 1153 760; x_wconf 84' lang='lat' dir='ltr'>illius</span> <span class='ocrx_word' id='word_1_69' title='bbox 1180 726 1284 772; x_wconf 82' lang='lat' dir='ltr'>ignis,</span> <span class='ocrx_word' id='word_1_70' title='bbox 1310 727 1366 760; x_wconf 82' lang='lat' dir='ltr'>del</span> <span class='ocrx_word' id='word_1_71' title='bbox 1389 727 1527 769; x_wconf 69' lang='lat' dir='ltr'>yrcmcle</span> <span class='ocrx_word' id='word_1_72' title='bbox 1553 727 1698 771; x_wconf 79' lang='lat' dir='ltr'>ardore,</span> 
     </span>
     <span class='ocr_line' id='line_1_10' title="bbox 531 781 1699 832; baseline -0.002 -10"><span class='ocrx_word' id='word_1_73' title='bbox 531 787 631 832; x_wconf 84' lang='lat' dir='ltr'>idest,</span> <span class='ocrx_word' id='word_1_74' title='bbox 653 787 697 822; x_wconf 88' lang='lat' dir='ltr'>ad</span> <span class='ocrx_word' id='word_1_75' title='bbox 726 786 957 831; x_wconf 68' lang='lat' dir='ltr'>refrigerium</span> <span class='ocrx_word' id='word_1_76' title='bbox 987 786 1108 832; x_wconf 85' lang='lat' dir='ltr'>magui</span> <span class='ocrx_word' id='word_1_77' title='bbox 1135 785 1274 821; x_wconf 87' lang='lat' dir='ltr'>ardoris</span> <span class='ocrx_word' id='word_1_78' title='bbox 1297 781 1525 830; x_wconf 66' lang='grc' dir='ltr'>1υΧυΓίεε(3);</span> <span class='ocrx_word' id='word_1_79' title='bbox 1549 788 1699 821; x_wconf 78' lang='lat' dir='ltr'>Summa&gt;</span> 
     </span>
     <span class='ocr_line' id='line_1_11' title="bbox 531 845 1703 891; baseline -0.001 -9"><span class='ocrx_word' id='word_1_80' title='bbox 531 849 623 882; x_wconf 78' lang='lat' dir='ltr'>Deus</span> <span class='ocrx_word' id='word_1_81' title='bbox 649 848 845 890; x_wconf 62' lang='lat' dir='ltr'>clementiae,</span> <span class='ocrx_word' id='word_1_82' title='bbox 866 847 961 881; x_wconf 86' lang='lat' dir='ltr'>hunc</span> <span class='ocrx_word' id='word_1_83' title='bbox 988 845 1136 890; x_wconf 88' lang='lat' dir='ltr'>quidem</span> <span class='ocrx_word' id='word_1_84' title='bbox 1165 846 1361 891; x_wconf 76' lang='lat' dir='ltr'>hynnnun3</span> <span class='ocrx_word' id='word_1_85' title='bbox 1389 849 1426 880; x_wconf 88' lang='lat' dir='ltr'>et</span> <span class='ocrx_word' id='word_1_86' title='bbox 1451 845 1553 880; x_wconf 89' lang='lat' dir='ltr'>dicit:</span> <span class='ocrx_word' id='word_1_87' title='bbox 1574 847 1632 881; x_wconf 79' lang='lat' dir='ltr'>che</span> <span class='ocrx_word' id='word_1_88' title='bbox 1655 848 1703 881; x_wconf 81' lang='lat' dir='ltr'>mi</span> 
     </span>
     <span class='ocr_line' id='line_1_12' title="bbox 527 905 1699 951; baseline 0.001 -11"><span class='ocrx_word' id='word_1_89' title='bbox 527 908 580 951; x_wconf 84' lang='lat' dir='ltr'>see</span> <span class='ocrx_word' id='word_1_90' title='bbox 606 907 700 941; x_wconf 72' lang='lat' dir='ltr'>calet·</span> <span class='ocrx_word' id='word_1_91' title='bbox 727 916 794 940; x_wconf 78' lang='lat' dir='ltr'>non</span> <span class='ocrx_word' id='word_1_92' title='bbox 824 916 923 940; x_wconf 78' lang='lat' dir='ltr'>meno</span> <span class='ocrx_word' id='word_1_93' title='bbox 943 906 1002 940; x_wconf 75' lang='lat' dir='ltr'>che</span> <span class='ocrx_word' id='word_1_94' title='bbox 1028 907 1064 940; x_wconf 80' lang='lat' dir='ltr'>di</span> <span class='ocrx_word' id='word_1_95' title='bbox 1092 907 1250 949; x_wconf 58' lang='lat' dir='ltr'>v0l9e1¹e5</span> <span class='ocrx_word' id='word_1_96' title='bbox 1270 916 1382 950; x_wconf 89' lang='lat' dir='ltr'>quam</span> <span class='ocrx_word' id='word_1_97' title='bbox 1401 905 1446 940; x_wconf 90' lang='lat' dir='ltr'>de</span> <span class='ocrx_word' id='word_1_98' title='bbox 1475 905 1699 951; x_wconf 87' lang='lat' dir='ltr'>respiciendo</span> 
     </span>
     <span class='ocr_line' id='line_1_13' title="bbox 531 965 1700 1011; baseline -0.002 -10"><span class='ocrx_word' id='word_1_99' title='bbox 531 965 576 1001; x_wconf 90' lang='lat' dir='ltr'>ad</span> <span class='ocrx_word' id='word_1_100' title='bbox 604 966 699 1000; x_wconf 85' lang='lat' dir='ltr'>viam</span> <span class='ocrx_word' id='word_1_101' title='bbox 729 965 852 1011; x_wconf 84' lang='lat' dir='ltr'>ipsam.</span> <span class='ocrx_word' id='word_1_102' title='bbox 881 965 989 1007; x_wconf 82' lang='lat' dir='ltr'>Quasi</span> <span class='ocrx_word' id='word_1_103' title='bbox 1017 965 1127 1000; x_wconf 87' lang='lat' dir='ltr'>dicat:</span> <span class='ocrx_word' id='word_1_104' title='bbox 1157 975 1225 1011; x_wconf 84' lang='lat' dir='ltr'>ego</span> <span class='ocrx_word' id='word_1_105' title='bbox 1251 965 1439 1000; x_wconf 76' lang='lat' dir='ltr'>volveram</span> <span class='ocrx_word' id='word_1_106' title='bbox 1468 965 1587 1010; x_wconf 91' lang='lat' dir='ltr'>primo</span> <span class='ocrx_word' id='word_1_107' title='bbox 1614 975 1700 1001; x_wconf 91' lang='lat' dir='ltr'>cum</span> 
     </span>
     <span class='ocr_line' id='line_1_14' title="bbox 533 1024 1702 1071; baseline 0 -11"><span class='ocrx_word' id='word_1_108' title='bbox 533 1029 606 1060; x_wconf 88' lang='lat' dir='ltr'>tota</span> <span class='ocrx_word' id='word_1_109' title='bbox 634 1036 723 1060; x_wconf 85' lang='lat' dir='ltr'>cura</span> <span class='ocrx_word' id='word_1_110' title='bbox 751 1025 875 1061; x_wconf 82' lang='lat' dir='ltr'>oculos</span> <span class='ocrx_word' id='word_1_111' title='bbox 902 1025 946 1060; x_wconf 83' lang='lat' dir='ltr'>ad</span> <span class='ocrx_word' id='word_1_112' title='bbox 975 1024 1083 1070; x_wconf 90' lang='lat' dir='ltr'>pedes</span> <span class='ocrx_word' id='word_1_113' title='bbox 1109 1024 1154 1059; x_wconf 87' lang='lat' dir='ltr'>ad</span> <span class='ocrx_word' id='word_1_114' title='bbox 1181 1024 1317 1060; x_wconf 88' lang='lat' dir='ltr'>dictum</span> <span class='ocrx_word' id='word_1_115' title='bbox 1346 1024 1499 1071; x_wconf 77' lang='lat' dir='ltr'>Virgilii3</span> <span class='ocrx_word' id='word_1_116' title='bbox 1519 1025 1580 1060; x_wconf 85' lang='lat' dir='ltr'>sed</span> <span class='ocrx_word' id='word_1_117' title='bbox 1605 1036 1702 1060; x_wconf 84' lang='lat' dir='ltr'>nunc</span> 
     </span>
     <span class='ocr_line' id='line_1_15' title="bbox 533 1084 1701 1130; baseline -0.001 -10"><span class='ocrx_word' id='word_1_118' title='bbox 533 1085 670 1120; x_wconf 67' lang='lat' dir='ltr'>revolvi</span> <span class='ocrx_word' id='word_1_119' title='bbox 698 1095 759 1121; x_wconf 87' lang='lat' dir='ltr'>eos</span> <span class='ocrx_word' id='word_1_120' title='bbox 786 1085 831 1120; x_wconf 89' lang='lat' dir='ltr'>ad</span> <span class='ocrx_word' id='word_1_121' title='bbox 858 1085 978 1130; x_wconf 85' lang='lat' dir='ltr'>ignem</span> <span class='ocrx_word' id='word_1_122' title='bbox 1007 1084 1050 1119; x_wconf 87' lang='lat' dir='ltr'>ad</span> <span class='ocrx_word' id='word_1_123' title='bbox 1079 1088 1226 1119; x_wconf 84' lang='lat' dir='ltr'>cantum</span> <span class='ocrx_word' id='word_1_124' title='bbox 1251 1084 1396 1119; x_wconf 87' lang='lat' dir='ltr'>illorum</span> <span class='ocrx_word' id='word_1_125' title='bbox 1417 1084 1610 1130; x_wconf 80' lang='lat' dir='ltr'>spirituum</span> <span class='ocrx_word' id='word_1_126' title='bbox 1631 1095 1701 1120; x_wconf 93' lang='lat' dir='ltr'>non</span> 
     </span>
     <span class='ocr_line' id='line_1_16' title="bbox 533 1144 1703 1190; baseline 0 -11"><span class='ocrx_word' id='word_1_127' title='bbox 533 1144 664 1179; x_wconf 89' lang='lat' dir='ltr'>minori</span> <span class='ocrx_word' id='word_1_128' title='bbox 691 1155 791 1180; x_wconf 85' lang='lat' dir='ltr'>cura.</span> <span class='ocrx_word' id='word_1_129' title='bbox 820 1145 862 1179; x_wconf 87' lang='lat' dir='ltr'>Et</span> <span class='ocrx_word' id='word_1_130' title='bbox 890 1148 975 1179; x_wconf 82' lang='lat' dir='ltr'>tunc</span> <span class='ocrx_word' id='word_1_131' title='bbox 1002 1144 1188 1190; x_wconf 84' lang='lat' dir='ltr'>perpendit</span> <span class='ocrx_word' id='word_1_132' title='bbox 1207 1144 1251 1179; x_wconf 92' lang='lat' dir='ltr'>de</span> <span class='ocrx_word' id='word_1_133' title='bbox 1276 1144 1457 1189; x_wconf 89' lang='lat' dir='ltr'>spiritibus</span> <span class='ocrx_word' id='word_1_134' title='bbox 1485 1154 1576 1188; x_wconf 87' lang='lat' dir='ltr'>quos</span> <span class='ocrx_word' id='word_1_135' title='bbox 1604 1144 1703 1190; x_wconf 89' lang='lat' dir='ltr'>prius</span> 
     </span>
     <span class='ocr_line' id='line_1_17' title="bbox 534 1204 1704 1249; baseline 0 -10"><span class='ocrx_word' id='word_1_136' title='bbox 534 1215 606 1239; x_wconf 90' lang='lat' dir='ltr'>non</span> <span class='ocrx_word' id='word_1_137' title='bbox 634 1204 798 1249; x_wconf 75' lang='lat' dir='ltr'>viderat,</span> <span class='ocrx_word' id='word_1_138' title='bbox 827 1204 923 1240; x_wconf 90' lang='lat' dir='ltr'>unde</span> <span class='ocrx_word' id='word_1_139' title='bbox 949 1205 1051 1240; x_wconf 87' lang='lat' dir='ltr'>dicit:</span> <span class='ocrx_word' id='word_1_140' title='bbox 1080 1215 1097 1238; x_wconf 84' lang='lat' dir='ltr'>e</span> <span class='ocrx_word' id='word_1_141' title='bbox 1124 1205 1194 1239; x_wconf 78' lang='lat' dir='ltr'>vicli</span> <span class='ocrx_word' id='word_1_142' title='bbox 1219 1206 1332 1249; x_wconf 76' lang='lat' dir='ltr'>spirle‘,</span> <span class='ocrx_word' id='word_1_143' title='bbox 1362 1204 1507 1249; x_wconf 91' lang='lat' dir='ltr'>scilicet,</span> <span class='ocrx_word' id='word_1_144' title='bbox 1540 1204 1704 1239; x_wconf 80' lang='lat' dir='ltr'>luxurio-</span> 
     </span>
     <span class='ocr_line' id='line_1_18' title="bbox 533 1264 1701 1311; baseline -0.002 -11"><span class='ocrx_word' id='word_1_145' title='bbox 533 1275 672 1309; x_wconf 86' lang='lat' dir='ltr'>sorum,</span> <span class='ocrx_word' id='word_1_146' title='bbox 701 1265 868 1299; x_wconf 74' lang='lat' dir='ltr'>(mdmzdo</span> <span class='ocrx_word' id='word_1_147' title='bbox 889 1275 956 1309; x_wconf 80' lang='lat' dir='ltr'>per</span> <span class='ocrx_word' id='word_1_148' title='bbox 983 1266 1017 1299; x_wconf 80' lang='lat' dir='ltr'>la</span> <span class='ocrx_word' id='word_1_149' title='bbox 1041 1266 1200 1308; x_wconf 70' lang='lat' dir='ltr'>flamma,</span> <span class='ocrx_word' id='word_1_150' title='bbox 1220 1264 1320 1308; x_wconf 85' lang='lat' dir='ltr'>idest,</span> <span class='ocrx_word' id='word_1_151' title='bbox 1341 1267 1469 1299; x_wconf 86' lang='lat' dir='ltr'>euntes</span> <span class='ocrx_word' id='word_1_152' title='bbox 1496 1264 1701 1311; x_wconf 85' lang='lat' dir='ltr'>perignem</span> 
     </span>
     <span class='ocr_line' id='line_1_19' title="bbox 533 1324 1703 1371; baseline 0 -12"><span class='ocrx_word' id='word_1_153' title='bbox 533 1328 568 1359; x_wconf 90' lang='lat' dir='ltr'>et</span> <span class='ocrx_word' id='word_1_154' title='bbox 587 1328 773 1360; x_wconf 84' lang='lat' dir='ltr'>cantantes</span> <span class='ocrx_word' id='word_1_155' title='bbox 801 1325 980 1371; x_wconf 71' lang='lat' dir='ltr'>hymnum</span> <span class='ocrx_word' id='word_1_156' title='bbox 1005 1324 1239 1370; x_wconf 79' lang='lat' dir='ltr'>praedictuin:</span> <span class='ocrx_word' id='word_1_157' title='bbox 1261 1327 1296 1359; x_wconf 94' lang='lat' dir='ltr'>et</span> <span class='ocrx_word' id='word_1_158' title='bbox 1316 1324 1428 1370; x_wconf 85' lang='lat' dir='ltr'>tangit</span> <span class='ocrx_word' id='word_1_159' title='bbox 1447 1324 1603 1360; x_wconf 84' lang='lat' dir='ltr'>formam</span> <span class='ocrx_word' id='word_1_160' title='bbox 1626 1334 1703 1359; x_wconf 79' lang='lat' dir='ltr'>suae</span> 
     </span>
     <span class='ocr_line' id='line_1_20' title="bbox 533 1383 1704 1429; baseline 0 -11"><span class='ocrx_word' id='word_1_161' title='bbox 533 1384 773 1429; x_wconf 76' lang='lat' dir='ltr'>inspectionis,</span> <span class='ocrx_word' id='word_1_162' title='bbox 801 1384 941 1419; x_wconf 84' lang='lat' dir='ltr'>dicens:</span> <span class='ocrx_word' id='word_1_163' title='bbox 959 1386 1075 1429; x_wconf 68' lang='lat' dir='ltr'>perclz’</span> <span class='ocrx_word' id='word_1_164' title='bbox 1090 1386 1124 1419; x_wconf 74' lang='lat' dir='ltr'>io</span> <span class='ocrx_word' id='word_1_165' title='bbox 1145 1385 1333 1428; x_wconf 68' lang='lat' dir='ltr'>quarclaca</span> <span class='ocrx_word' id='word_1_166' title='bbox 1359 1385 1449 1429; x_wconf 80' lang='lat' dir='ltr'>loro,</span> <span class='ocrx_word' id='word_1_167' title='bbox 1474 1394 1559 1419; x_wconf 90' lang='lat' dir='ltr'>cum</span> <span class='ocrx_word' id='word_1_168' title='bbox 1587 1383 1704 1419; x_wconf 87' lang='lat' dir='ltr'>admi—</span> 
     </span>
     <span class='ocr_line' id='line_1_21' title="bbox 533 1444 1703 1490; baseline 0 -12"><span class='ocrx_word' id='word_1_169' title='bbox 533 1444 684 1488; x_wconf 83' lang='lat' dir='ltr'>ratione,</span> <span class='ocrx_word' id='word_1_170' title='bbox 704 1444 788 1489; x_wconf 87' lang='lat' dir='ltr'>quia</span> <span class='ocrx_word' id='word_1_171' title='bbox 816 1444 913 1478; x_wconf 84' lang='lat' dir='ltr'>ibant</span> <span class='ocrx_word' id='word_1_172' title='bbox 942 1444 1120 1479; x_wconf 87' lang='lat' dir='ltr'>cantando</span> <span class='ocrx_word' id='word_1_173' title='bbox 1148 1454 1212 1489; x_wconf 81' lang='lat' dir='ltr'>per</span> <span class='ocrx_word' id='word_1_174' title='bbox 1240 1444 1374 1490; x_wconf 83' lang='lat' dir='ltr'>ignem,</span> <span class='ocrx_word' id='word_1_175' title='bbox 1395 1448 1425 1478; x_wconf 81' lang='lat' dir='ltr'>et</span> <span class='ocrx_word' id='word_1_176' title='bbox 1450 1445 1486 1478; x_wconf 76' lang='grc' dir='ltr'>αι’</span> <span class='ocrx_word' id='word_1_177' title='bbox 1512 1445 1578 1479; x_wconf 78' lang='lat' dir='ltr'>mei</span> <span class='ocrx_word' id='word_1_178' title='bbox 1592 1445 1703 1488; x_wconf 76' lang='lat' dir='ltr'>passi,</span> 
     </span>
     <span class='ocr_line' id='line_1_22' title="bbox 532 1503 1704 1550; baseline 0 -12"><span class='ocrx_word' id='word_1_179' title='bbox 532 1503 617 1548; x_wconf 89' lang='lat' dir='ltr'>quia</span> <span class='ocrx_word' id='word_1_180' title='bbox 651 1513 696 1538; x_wconf 81' lang='lat' dir='ltr'>ex</span> <span class='ocrx_word' id='word_1_181' title='bbox 731 1504 798 1538; x_wconf 85' lang='lat' dir='ltr'>hoc</span> <span class='ocrx_word' id='word_1_182' title='bbox 834 1514 906 1538; x_wconf 88' lang='lat' dir='ltr'>non</span> <span class='ocrx_word' id='word_1_183' title='bbox 942 1513 1045 1538; x_wconf 87' lang='lat' dir='ltr'>eram</span> <span class='ocrx_word' id='word_1_184' title='bbox 1085 1503 1217 1538; x_wconf 85' lang='lat' dir='ltr'>oblitus</span> <span class='ocrx_word' id='word_1_185' title='bbox 1252 1507 1520 1549; x_wconf 74' lang='lat' dir='ltr'>praeceptorum</span> <span class='ocrx_word' id='word_1_186' title='bbox 1555 1503 1704 1550; x_wconf 80' lang='lat' dir='ltr'>Virgilii,</span> 
     </span>
     <span class='ocr_line' id='line_1_23' title="bbox 531 1563 1702 1608; baseline 0.003 -12"><span class='ocrx_word' id='word_1_187' title='bbox 531 1563 780 1606; x_wconf 79' lang='lat' dir='ltr'>comparlemlo</span> <span class='ocrx_word' id='word_1_188' title='bbox 807 1564 841 1597; x_wconf 79' lang='lat' dir='ltr'>la</span> <span class='ocrx_word' id='word_1_189' title='bbox 870 1564 954 1597; x_wconf 69' lang='lat' dir='ltr'>vista</span> <span class='ocrx_word' id='word_1_190' title='bbox 982 1574 1004 1597; x_wconf 83' lang='grc' dir='ltr'><em>α</em></span> <span class='ocrx_word' id='word_1_191' title='bbox 1030 1564 1171 1607; x_wconf 77' lang='lat' dir='ltr'>quando</span> <span class='ocrx_word' id='word_1_192' title='bbox 1192 1573 1214 1596; x_wconf 82' lang='lat' dir='ltr'><em>a</em></span> <span class='ocrx_word' id='word_1_193' title='bbox 1238 1565 1391 1607; x_wconf 77' lang='lat' dir='ltr'>qnando,</span> <span class='ocrx_word' id='word_1_194' title='bbox 1413 1563 1513 1608; x_wconf 85' lang='lat' dir='ltr'>idest,</span> <span class='ocrx_word' id='word_1_195' title='bbox 1535 1563 1702 1608; x_wconf 76' lang='lat' dir='ltr'>vicissim,</span> 
     </span>
     <span class='ocr_line' id='line_1_24' title="bbox 533 1622 1704 1669; baseline 0.003 -13"><span class='ocrx_word' id='word_1_196' title='bbox 533 1632 629 1657; x_wconf 88' lang='lat' dir='ltr'>nunc</span> <span class='ocrx_word' id='word_1_197' title='bbox 657 1622 902 1658; x_wconf 89' lang='lat' dir='ltr'>convertendo</span> <span class='ocrx_word' id='word_1_198' title='bbox 931 1623 1048 1657; x_wconf 70' lang='lat' dir='ltr'>visum</span> <span class='ocrx_word' id='word_1_199' title='bbox 1076 1623 1120 1657; x_wconf 90' lang='lat' dir='ltr'>ad</span> <span class='ocrx_word' id='word_1_200' title='bbox 1149 1623 1269 1669; x_wconf 83' lang='lat' dir='ltr'>ignem</span> <span class='ocrx_word' id='word_1_201' title='bbox 1298 1633 1343 1657; x_wconf 83' lang='lat' dir='ltr'>ne</span> <span class='ocrx_word' id='word_1_202' title='bbox 1372 1633 1512 1667; x_wconf 79' lang='lat' dir='ltr'>urerer,</span> <span class='ocrx_word' id='word_1_203' title='bbox 1538 1634 1635 1659; x_wconf 91' lang='lat' dir='ltr'>nunc</span> <span class='ocrx_word' id='word_1_204' title='bbox 1659 1623 1704 1659; x_wconf 88' lang='lat' dir='ltr'>ad</span> 
     </span>
     <span class='ocr_line' id='line_1_25' title="bbox 532 1682 1704 1728; baseline 0.003 -13"><span class='ocrx_word' id='word_1_205' title='bbox 532 1684 669 1717; x_wconf 86' lang='lat' dir='ltr'>terram</span> <span class='ocrx_word' id='word_1_206' title='bbox 699 1692 743 1717; x_wconf 85' lang='lat' dir='ltr'>ne</span> <span class='ocrx_word' id='word_1_207' title='bbox 771 1692 919 1718; x_wconf 88' lang='lat' dir='ltr'>ruerem</span> <span class='ocrx_word' id='word_1_208' title='bbox 947 1683 1132 1718; x_wconf 88' lang='lat' dir='ltr'>deorsum.</span> <span class='ocrx_word' id='word_1_209' title='bbox 1156 1683 1197 1717; x_wconf 90' lang='lat' dir='ltr'>Et</span> <span class='ocrx_word' id='word_1_210' title='bbox 1218 1682 1337 1717; x_wconf 85' lang='lat' dir='ltr'>subdit</span> <span class='ocrx_word' id='word_1_211' title='bbox 1359 1686 1465 1728; x_wconf 77' lang='lat' dir='ltr'>poeta</span> <span class='ocrx_word' id='word_1_212' title='bbox 1490 1683 1598 1718; x_wconf 83' lang='lat' dir='ltr'>aliam</span> <span class='ocrx_word' id='word_1_213' title='bbox 1619 1693 1704 1719; x_wconf 84' lang='lat' dir='ltr'>ora-</span> 
     </span>
     <span class='ocr_line' id='line_1_26' title="bbox 533 1741 1704 1788; baseline 0.003 -12"><span class='ocrx_word' id='word_1_214' title='bbox 533 1741 667 1777; x_wconf 89' lang='lat' dir='ltr'>tionem</span> <span class='ocrx_word' id='word_1_215' title='bbox 697 1753 808 1787; x_wconf 85' lang='lat' dir='ltr'>quam</span> <span class='ocrx_word' id='word_1_216' title='bbox 836 1743 1028 1778; x_wconf 78' lang='lat' dir='ltr'>cantabant</span> <span class='ocrx_word' id='word_1_217' title='bbox 1055 1742 1136 1778; x_wconf 89' lang='lat' dir='ltr'>dicti</span> <span class='ocrx_word' id='word_1_218' title='bbox 1156 1743 1301 1788; x_wconf 83' lang='lat' dir='ltr'>spiritus</span> <span class='ocrx_word' id='word_1_219' title='bbox 1319 1743 1484 1778; x_wconf 86' lang='lat' dir='ltr'>similiter</span> <span class='ocrx_word' id='word_1_220' title='bbox 1504 1747 1630 1779; x_wconf 87' lang='lat' dir='ltr'>contra</span> <span class='ocrx_word' id='word_1_221' title='bbox 1650 1744 1704 1779; x_wconf 81' lang='lat' dir='ltr'>vi-</span> 
     </span>
     <span class='ocr_line' id='line_1_27' title="bbox 534 1801 1704 1848; baseline 0.003 -13"><span class='ocrx_word' id='word_1_222' title='bbox 534 1801 623 1836; x_wconf 90' lang='lat' dir='ltr'>tium</span> <span class='ocrx_word' id='word_1_223' title='bbox 645 1802 813 1847; x_wconf 80' lang='lat' dir='ltr'>luxuriae,</span> <span class='ocrx_word' id='word_1_224' title='bbox 828 1802 948 1838; x_wconf 88' lang='lat' dir='ltr'>dicens</span> <span class='ocrx_word' id='word_1_225' title='bbox 964 1802 1226 1838; x_wconf 70' lang='lat' dir='ltr'>continuative:</span> <span class='ocrx_word' id='word_1_226' title='bbox 1248 1806 1283 1838; x_wconf 83' lang='lat' dir='ltr'>et</span> <span class='ocrx_word' id='word_1_227' title='bbox 1304 1803 1348 1837; x_wconf 94' lang='lat' dir='ltr'>illi</span> <span class='ocrx_word' id='word_1_228' title='bbox 1365 1803 1522 1848; x_wconf 90' lang='lat' dir='ltr'>spiritus,</span> <span class='ocrx_word' id='word_1_229' title='bbox 1536 1814 1704 1848; x_wconf 78' lang='lat' dir='ltr'>appresso</span> 
     </span>
     <span class='ocr_line' id='line_1_28' title="bbox 530 1862 1702 1907; baseline 0.004 -13"><span class='ocrx_word' id='word_1_230' title='bbox 530 1862 556 1895; x_wconf 74' lang='lat' dir='ltr'>il</span> <span class='ocrx_word' id='word_1_231' title='bbox 582 1862 652 1905; x_wconf 76' lang='lat' dir='ltr'>fine</span> <span class='ocrx_word' id='word_1_232' title='bbox 684 1863 742 1896; x_wconf 81' lang='lat' dir='ltr'>che</span> <span class='ocrx_word' id='word_1_233' title='bbox 775 1873 796 1896; x_wconf 87' lang='grc' dir='ltr'><em>α</em></span> <span class='ocrx_word' id='word_1_234' title='bbox 831 1864 941 1906; x_wconf 72' lang='lat' dir='ltr'>quello</span> <span class='ocrx_word' id='word_1_235' title='bbox 976 1863 1058 1896; x_wconf 74' lang='lat' dir='ltr'>inno</span> <span class='ocrx_word' id='word_1_236' title='bbox 1087 1864 1189 1907; x_wconf 75' lang='lat' dir='ltr'>fassi,</span> <span class='ocrx_word' id='word_1_237' title='bbox 1229 1862 1331 1907; x_wconf 83' lang='lat' dir='ltr'>quasi</span> <span class='ocrx_word' id='word_1_238' title='bbox 1368 1862 1473 1907; x_wconf 82' lang='lat' dir='ltr'>dicat,</span> <span class='ocrx_word' id='word_1_239' title='bbox 1509 1862 1609 1899; x_wconf 89' lang='lat' dir='ltr'>finito</span> <span class='ocrx_word' id='word_1_240' title='bbox 1643 1863 1702 1899; x_wconf 82' lang='lat' dir='ltr'>illo</span> 
     </span>
     <span class='ocr_line' id='line_1_29' title="bbox 533 1921 1703 1968; baseline 0.002 -13"><span class='ocrx_word' id='word_1_241' title='bbox 533 1921 669 1967; x_wconf 75' lang='lat' dir='ltr'>hymno</span> <span class='ocrx_word' id='word_1_242' title='bbox 709 1921 892 1967; x_wconf 84' lang='lat' dir='ltr'>praedict0‚</span> <span class='ocrx_word' id='word_1_243' title='bbox 925 1923 1103 1965; x_wconf 67' lang='lat' dir='ltr'>yriclacan</span> <span class='ocrx_word' id='word_1_244' title='bbox 1136 1923 1225 1956; x_wconf 77' lang='lat' dir='ltr'>alto:</span> <span class='ocrx_word' id='word_1_245' title='bbox 1260 1924 1375 1957; x_wconf 67' lang='lat' dir='ltr'>Virum</span> <span class='ocrx_word' id='word_1_246' title='bbox 1409 1933 1478 1957; x_wconf 79' lang='lat' dir='ltr'>non</span> <span class='ocrx_word' id='word_1_247' title='bbox 1509 1933 1703 1968; x_wconf 73' lang='lat' dir='ltr'>coynosco;</span> 
     </span>
     <span class='ocr_line' id='line_1_30' title="bbox 531 1975 1704 2029; baseline 0.003 -14"><span class='ocrx_word' id='word_1_248' title='bbox 531 1981 687 2015; x_wconf 61' lang='lat' dir='ltr'>verbum</span> <span class='ocrx_word' id='word_1_249' title='bbox 703 1975 739 2025; x_wconf 67' lang='lat'>(⁶)</span> <span class='ocrx_word' id='word_1_250' title='bbox 759 1981 875 2017; x_wconf 74' lang='lat' dir='ltr'>beatae</span> <span class='ocrx_word' id='word_1_251' title='bbox 891 1981 1056 2028; x_wconf 78' lang='lat' dir='ltr'>Virginis,</span> <span class='ocrx_word' id='word_1_252' title='bbox 1077 1982 1221 2028; x_wconf 81' lang='lat' dir='ltr'>signum</span> <span class='ocrx_word' id='word_1_253' title='bbox 1242 1992 1397 2017; x_wconf 76' lang='lat' dir='ltr'>summae</span> <span class='ocrx_word' id='word_1_254' title='bbox 1422 1982 1602 2028; x_wconf 79' lang='lat' dir='ltr'>pudicitiae</span> <span class='ocrx_word' id='word_1_255' title='bbox 1620 1993 1704 2029; x_wconf 83' lang='lat' dir='ltr'>quae</span> 
     </span>
     <span class='ocr_line' id='line_1_31' title="bbox 532 2039 1703 2089; baseline 0.004 -15"><span class='ocrx_word' id='word_1_256' title='bbox 532 2039 614 2075; x_wconf 79' lang='lat' dir='ltr'>fecit</span> <span class='ocrx_word' id='word_1_257' title='bbox 640 2051 721 2075; x_wconf 86' lang='lat' dir='ltr'>eam</span> <span class='ocrx_word' id='word_1_258' title='bbox 749 2041 894 2087; x_wconf 78' lang='lat' dir='ltr'>dignam</span> <span class='ocrx_word' id='word_1_259' title='bbox 924 2042 1016 2077; x_wconf 89' lang='lat' dir='ltr'>Deo:</span> <span class='ocrx_word' id='word_1_260' title='bbox 1041 2042 1068 2076; x_wconf 88' lang='lat' dir='ltr'>si</span> <span class='ocrx_word' id='word_1_261' title='bbox 1097 2042 1192 2077; x_wconf 88' lang='lat' dir='ltr'>enim</span> <span class='ocrx_word' id='word_1_262' title='bbox 1222 2042 1357 2087; x_wconf 73' lang='lat' dir='ltr'>nuptiae</span> <span class='ocrx_word' id='word_1_263' title='bbox 1386 2043 1524 2088; x_wconf 86' lang='lat' dir='ltr'>replent</span> <span class='ocrx_word' id='word_1_264' title='bbox 1552 2046 1703 2089; x_wconf 87' lang='lat' dir='ltr'>terram,</span> 
     </span>
     <span class='ocr_line' id='line_1_32' title="bbox 532 2099 1703 2148; baseline 0.004 -14"><span class='ocrx_word' id='word_1_265' title='bbox 532 2099 716 2146; x_wconf 78' lang='lat' dir='ltr'>virginitas</span> <span class='ocrx_word' id='word_1_266' title='bbox 745 2102 859 2146; x_wconf 86' lang='lat' dir='ltr'>replet</span> <span class='ocrx_word' id='word_1_267' title='bbox 885 2102 1039 2136; x_wconf 75' lang='lat' dir='ltr'>coelum:</span> <span class='ocrx_word' id='word_1_268' title='bbox 1070 2102 1149 2136; x_wconf 88' lang='lat' dir='ltr'>ideo</span> <span class='ocrx_word' id='word_1_269' title='bbox 1183 2102 1314 2137; x_wconf 86' lang='lat' dir='ltr'>mulier</span> <span class='ocrx_word' id='word_1_270' title='bbox 1347 2102 1527 2148; x_wconf 86' lang='lat' dir='ltr'>impudica</span> <span class='ocrx_word' id='word_1_271' title='bbox 1553 2103 1703 2139; x_wconf 87' lang='lat' dir='ltr'>deberet</span> 
     </span>
    </p>
   </div>
   <div class='ocr_carea' id='block_1_3' title="bbox 534 2178 1546 2186">
    <p class='ocr_par' dir='ltr' id='par_1_3' title="bbox 534 2178 1546 2186">
     <span class='ocr_line' id='line_1_33' title="bbox 534 2178 1546 2186; baseline 0 0"><span class='ocrx_word' id='word_1_272' title='bbox 534 2178 1546 2186; x_wconf 95' lang='lat' dir='ltr'> </span> 
     </span>
    </p>
   </div>
   <div class='ocr_carea' id='block_1_4' title="bbox 594 2216 1346 2321">
    <p class='ocr_par' dir='ltr' id='par_1_4' title="bbox 594 2216 1346 2321">
     <span class='ocr_line' id='line_1_34' title="bbox 594 2216 1346 2246; baseline 0.005 -8"><span class='ocrx_word' id='word_1_273' title='bbox 594 2216 618 2243; x_wconf 75' lang='lat'>1&#39;)</span> <span class='ocrx_word' id='word_1_274' title='bbox 637 2216 666 2239; x_wconf 87' lang='lat' dir='ltr'>E.</span> <span class='ocrx_word' id='word_1_275' title='bbox 684 2217 826 2240; x_wconf 80' lang='lat' dir='ltr'>cantabant.</span> <span class='ocrx_word' id='word_1_276' title='bbox 1109 2217 1137 2246; x_wconf 49' lang='grc' dir='ltr'>(Τ)</span> <span class='ocrx_word' id='word_1_277' title='bbox 1156 2219 1184 2241; x_wconf 94' lang='grc' dir='ltr'>Ε.</span> <span class='ocrx_word' id='word_1_278' title='bbox 1203 2219 1346 2242; x_wconf 72' lang='lat' dir='ltr'>cantabant.</span> 
     </span>
     <span class='ocr_line' id='line_1_35' title="bbox 594 2253 1136 2282; baseline 0.004 -6"><span class='ocrx_word' id='word_1_279' title='bbox 594 2253 619 2282; x_wconf 59' lang='grc' dir='ltr'>ζ’)</span> <span class='ocrx_word' id='word_1_280' title='bbox 638 2254 665 2276; x_wconf 97' lang='grc' dir='ltr'><strong><em>Ε</em></strong></span> <span class='ocrx_word' id='word_1_281' title='bbox 685 2254 794 2277; x_wconf 75' lang='lat' dir='ltr'>luxuriae</span> <span class='ocrx_word' id='word_1_282' title='bbox 813 2255 912 2278; x_wconf 75' lang='lat' dir='ltr'>taliter:</span> <span class='ocrx_word' id='word_1_283' title='bbox 933 2255 1043 2278; x_wconf 76' lang='lat' dir='ltr'>Summw</span> <span class='ocrx_word' id='word_1_284' title='bbox 1062 2256 1136 2278; x_wconf 76' lang='lat' dir='ltr'>Dens.</span> 
     </span>
     <span class='ocr_line' id='line_1_36' title="bbox 596 2292 668 2321; baseline 0 -6"><span class='ocrx_word' id='word_1_285' title='bbox 596 2294 600 2319; x_wconf 84' lang='lat'>[</span> <span class='ocrx_word' id='word_1_286' title='bbox 614 2294 621 2321; x_wconf 89' lang='lat'><em>)</em></span> <span class='ocrx_word' id='word_1_287' title='bbox 641 2292 668 2315; x_wconf 82' lang='lat' dir='ltr'>E.</span> 
     </span>
    </p>
   </div>
   <div class='ocr_carea' id='block_1_5' title="bbox 687 2292 1372 2324">
    <p class='ocr_par' dir='ltr' id='par_1_5' title="bbox 687 2292 1372 2324">
     <span class='ocr_line' id='line_1_37' title="bbox 687 2292 1372 2324; baseline 0.003 -9"><span class='ocrx_word' id='word_1_288' title='bbox 687 2292 793 2315; x_wconf 82' lang='lat' dir='ltr'>verbum</span> <span class='ocrx_word' id='word_1_289' title='bbox 812 2293 1001 2321; x_wconf 72' lang='lat' dir='ltr'>gloriosissima·</span> <span class='ocrx_word' id='word_1_290' title='bbox 1019 2294 1129 2323; x_wconf 63' lang='lat' dir='ltr'>Virginis</span> <span class='ocrx_word' id='word_1_291' title='bbox 1149 2294 1245 2322; x_wconf 58' lang='lat' dir='ltr'>Maria),</span> <span class='ocrx_word' id='word_1_292' title='bbox 1264 2295 1372 2324; x_wconf 82' lang='lat' dir='ltr'>signum.</span> 
     </span>
    </p>
   </div>
  </div>
 </body>
</html>
