1737 2836
486 224 622 250 CANTcs
649 224 790 249 pnimcs.
1153 217 1221 248 327

53 300 174 332 tamen
197 296 274 342 jam
303 296 548 342 pervenissem
573 297 616 331 ad
636 297 783 341 coslum,
799 294 860 341 ριίὶ
876 298 929 341 sui
954 298 1099 340 irrelilo,
1120 296 1221 341 idest,

51 357 270 402 illaqueatus
297 356 331 390 in
361 359 448 400 rete,
467 357 591 390 dentre
610 358 658 391 ad
676 367 720 391 nn
743 367 870 400 ›moe-0,
890 357 1027 402 supple,
1046 356 1222 401 dubium3

50 427 68 451 e
93 418 197 452 dissi:
224 412 283 460 yid
309 417 461 460 requievi
486 420 654 459 contento,
690 416 783 452 sicut
811 417 887 462 Jani
925 416 1142 462 praedixerat
1178 416 1222 451 ad

50 477 288 522 quietandnm
309 475 473 511 animum
494 479 734 521 commotum,
751 478 787 511 (li
799 478 936 520 [frande
954 478 1223 519 anavair-anone,

49 538 127 572 soni
142 541 176 573 et
191 536 336 571 luminis
350 535 485 582 magni,
499 547 555 570 ma
569 546 635 570 ora
652 538 815 580 ammiro,
830 536 956 571 maiori
968 536 1220 581 admiratione,

50 599 135 631 com'
150 599 182 631 ιό
202 598 386 631 trascencla
408 597 514 640 questi
531 598 629 641 corp&
647 597 734 640 lteri,
755 596 855 641 idest,
875 606 1028 642 corpora
1049 597 1221 641 coelestia,

50 667 134 692 cum
163 657 229 692 sim
257 657 376 692 adhuc
395 667 479 692 cum
503 667 657 703 corpore
676 657 839 692 terrestri
862 657 975 703 gravi.
997 658 1038 692 Et
1061 657 1117 692 hic
1137 661 1221 693 nota

50 717 146 762 quod
174 717 308 752 coelum
339 727 410 752 non
433 720 486 752 est
506 717 674 762 calidum,
696 727 762 752 nec
782 717 966 763 frigidum,
986 727 1053 753 nec
1072 717 1221 762 siceum,

50 787 116 812 nec
139 777 341 821 humidum,
362 787 429 812 nec
448 777 538 822 leve,
559 787 625 813 nec
645 777 902 823 ponderosum,
922 777 1014 813 sicut
1040 778 1220 814 elementa

50 837 211 872 subiecta
240 837 304 872 sibi
325 848 408 882 quae
428 841 563 882 movet,
582 837 777 883 permiscet
797 840 832 872 et
850 837 1134 883 complexionat3
1157 838 1218 874 sed

50 900 158 932 autor
185 897 339 943 appellat
367 897 499 932 coelum
529 897 619 941 leve,
648 896 731 941 quia
760 900 812 932 est
841 907 951 942 super
977 907 1087 932 omne
1114 897 1220 942 leve,

50 967 134 992 nam
155 957 245 1003 ignis
268 961 319 992 est
344 957 552 1003 simpliciter
573 957 661 992 levis
680 969 687 1002 3
712 957 769 992 vel
788 957 843 992 dic
867 957 958 1002 leve,
982 957 1066 1002 quia
1087 968 1221 1002 purum

49 1017 291 1053 immateriale
319 1017 544 1053 velocissime
571 1020 753 1061 movetur,
788 1017 846 1052 vel
873 1027 1014 1063 expone
1046 1018 1126 1053 leve
1157 1028 1222 1063 pro

50 1077 188 1113 leviter.
205 1098 252 1102 —-
272 1078 360 1112 Oncl’
375 1079 450 1112 ella.
479 1077 542 1112 Hic
569 1077 701 1112 Dantes
720 1077 820 1123 ponit
839 1077 1110 1123 responsionem
1131 1078 1223 1113 Bea-

51 1137 148 1172 tricis
174 1147 257 1182 quae
284 1137 388 1172 solvit
416 1137 532 1183 ipsum
560 1137 725 1172 dubium.
754 1138 795 1172 Et
823 1137 941 1183 primo
969 1138 1082 1183 tangit
1104 1137 1223 1183 dispo-

49 1197 215 1231 sitionem
252 1196 424 1232 Beatricis
461 1207 548 1243 erga
585 1207 634 1241 se,
671 1207 753 1241 quae
791 1197 836 1232 ad
871 1197 1031 1243 primum
1069 1197 1221 1233 dubium

51 1256 258 1292 ostenderat
286 1256 581 1302 indignationem,
610 1257 695 1301 quia
721 1261 897 1303 arguerat
928 1257 1045 1303 ipsum
1079 1257 1124 1293 de
1157 1268 1222 1292 ru—

50 1316 183 1362 ditate,
213 1326 310 1352 nunc
336 1326 425 1351 vero
452 1316 497 1351 ad
524 1316 725 1351 secundum
753 1316 905 1351 dubium
933 1317 1087 1353 ostendit
1118 1328 1220 1353 com-

49 1377 265 1422 passionem,
294 1376 378 1421 quia
406 1376 527 1422 arguit
554 1386 639 1411 eum
668 1376 712 1411 de
739 1387 884 1412 errore:
905 1380 940 1412 et
959 1378 1026 1412 hoc
1050 1377 1133 1413 facit
1154 1388 1219 1423 per

49 1437 233 1482 propriam
262 1436 574 1482 comparationem
602 1436 727 1471 matris
754 1437 799 1471 ad
828 1436 951 1471 filium.
984 1437 1074 1472 Dicit
1108 1448 1220 1484 ergo:

54 1497 232 1539 Oncl’ella,
259 1496 404 1541 Scilicet,
425 1496 580 1541 Beatrix,
602 1506 769 1541 appresso
787 1497 820 1531 (Γ
836 1507 879 1530 zm
901 1498 960 1541 pio
983 1499 1133 1542 sospiro,
1156 1497 1218 1532 ubi

50 1556 167 1602 primo
183 1556 312 1591 riserat
328 1568 373 1591 nu
381 1567 423 1591 nc
438 1556 631 1602 suspiravit
645 1567 688 1592 ex
702 1556 834 1602 pietate
849 1556 1043 1592 condolens
1059 1557 1221 1593 humano

48 1616 185 1662 generi,
209 1616 306 1661 quod
327 1616 470 1651 videtur
499 1616 668 1663 ignorare
696 1626 734 1652 se
762 1626 841 1651 esse
867 1619 993 1662 aptum
1022 1620 1148 1652 natum
1177 1617 1222 1652 ad

50 1675 268 1721 felicitatem,
302 1687 385 1712 cum
414 1679 538 1712 tamen
566 1676 622 1711 hic
649 1676 692 1711 sit
720 1676 797 1711 finis
828 1676 995 1721 hominis,
1024 1673 1149 1711 drizzo
1175 1679 1224 1721 yle

48 1737 154 1779 occln',
181 1736 217 1771 in
245 1737 378 1782 quibus
405 1736 564 1772 consistit
591 1736 797 1782 pulcritudo
824 1739 859 1772 et
886 1736 996 1771 decor
1023 1737 1125 1772 istius
1157 1736 1223 1772 do-

52 1796 169 1840 minre,
197 1796 257 1831 sed
291 1807 387 1831 nunc
423 1796 579 1841 respexit
613 1799 727 1841 torve,
756 1796 841 1841 quia
870 1800 949 1832 erat
981 1796 1097 1841 irata,
1125 1796 1222 1832 unde

49 1855 151 1890 dicit:
180 1866 243 1890 con
272 1857 349 1899 quel
372 1856 569 1899 semihiante,
596 1855 697 1900 idest,
729 1859 877 1901 aspectu
913 1856 1060 1891 turbato
1093 1866 1137 1891 ex
1169 1856 1222 1891 as—

49 1915 202 1951 fectione
221 1925 316 1960 cara,
337 1916 395 1949 elie
417 1916 538 1950 madre
554 1917 593 1960 fa
612 1926 720 1959 sopra
739 1917 875 1959 fiylc'zcol
892 1916 1015 1958 deliro,
1035 1915 1136 1960 idest,
1159 1916 1220 1961 qui

49 1974 205 2010 delirare
236 1975 379 2010 videtur
406 1975 450 2010 ad
478 1974 628 2009 modum
665 1974 769 2009 senis.
805 1974 912 2009 Deliri
945 1974 1041 2009 enim
1076 1975 1221 2021 proprie

50 2035 277 2080 appellantur
305 2046 409 2070 senes
440 2035 475 2069 in
503 2034 634 2079 quibus
661 2034 918 2079 distemperata
946 2038 999 2069 est
1030 2035 1220 2070 harmonia

51 2094 228 2129 virtutum
262 2094 488 2139 animalium,
525 2094 617 2129 sicut
653 2094 687 2128 in
725 2094 801 2140 lyra
838 2093 980 2129 dissona
1016 2094 1221 2130 discordant

51 2155 195 2190 chordae
229 2166 249 2190 a
281 2154 515 2201 proportione
548 2153 691 2198 debita3
725 2157 760 2189 et
788 2163 884 2188 nunc
911 2156 1016 2199 poeta
1043 2153 1219 2190 delirabat

51 2217 239 2259 tamquam
259 2214 454 2259 discipulus
481 2214 636 2249 discolus
662 2224 684 2249 a
710 2213 872 2250 doctrina
897 2214 1021 2248 matris
1041 2224 1125 2248 suae.
1148 2214 1222 2249 Vo-

51 2275 127 2310 lens
155 2278 279 2309 autem
310 2274 373 2309 ista
402 2274 457 2319 pia
482 2277 599 2309 mater
628 2284 802 2309 revocare
829 2273 942 2308 filium
970 2274 1138 2319 delirum,
1166 2274 1221 2309 in—
