1737 2836
377 248 515 274 CANTL‘s
542 249 731 274 VIGESIMUS
757 249 926 275 OCTAVL's.
1173 243 1239 276 173

66 326 140 358 ster
168 325 290 357 movet
319 321 556 366 quaestionem
576 317 609 364 θ’
640 321 736 356 venti
763 324 798 356 et
824 332 942 366 aquae,
965 332 1050 357 cum
1070 322 1237 358 videatur

64 381 284 428 impossibile
323 391 387 427 per
427 384 608 416 naturam.
638 380 727 415 Dicit
758 391 868 427 ergo:
904 383 1056 425 Diss'zfo,
1084 382 1130 417 illi
1169 382 1235 418 do-

64 442 184 486 minae,
205 443 225 476 l’
241 451 363 485 acqua,
379 441 485 486 Juxta
505 450 616 484 quam
637 450 778 485 sumus,
805 452 822 475 e
836 442 860 475 'l
875 452 960 476 saon
983 443 1073 477 della
1090 444 1237 487 foresta,

64 501 164 546 idest,
192 504 323 537 ventus
349 500 471 546 sylvae,
499 499 560 544 qui
589 499 699 544 spirat
726 503 761 534 et
789 501 904 545 quatit
935 501 1097 546 arbores,
1124 504 1237 547 impu—

61 572 159 605 ynan
185 562 307 595 dentre
334 570 356 594 (z
383 570 435 594 me
461 560 595 593 novella
619 560 710 604 fede,
738 559 839 604 idest,
865 570 998 596 novam
1025 562 1235 597 aviditatem

62 621 207 666 sciendi,
235 623 271 656 (Ii
305 631 386 655 cosa
419 621 515 655 cle’io
543 621 624 663 mli’,
651 619 795 664 scilicet,
824 630 934 666 supra
966 631 987 656 a
1018 621 1141 667 Statio,
1174 633 1236 658 ca-

61 681 175 726 pitulo
196 681 287 726 XXI,
315 681 495 715 cono-arfa
523 691 545 714 α
571 676 752 724 qnesl(1(‘²).
776 680 826 715 Ibi
854 680 950 715 enim
974 681 1061 716 dixit
1088 681 1234 727 Statius,

62 740 159 786 quod
195 741 293 775 nulla
334 739 521 785 impressio
560 740 654 775 aeris
694 739 801 775 fiebat
832 750 853 774 a
889 743 993 785 porta
1032 742 1235 788 purgatorii

61 811 190 847 supra3
218 801 298 836 ideo
325 810 422 835 nunc
450 801 529 846 plus
556 800 760 835 mirabatur
786 800 831 835 de
858 804 967 836 vento
1002 805 1038 836 et
1067 812 1163 847 aqua
1199 801 1234 836 in

62 861 253 896 cacumine
288 860 430 905 montis,
458 870 570 905 quam
609 860 716 905 paulo
747 863 830 895 ante
865 860 910 895 de
943 860 1016 896 risu
1048 861 1232 897 Mathildis.

61 922 103 956 Et
126 921 245 956 subdit
266 921 537 966 responsionem
558 920 743 964 Mathildis,
764 930 846 965 quae
866 921 983 966 primo
1006 921 1179 967 promittit
1194 917 1231 966 (³)

62 981 279 1016 solutionem
308 980 418 1024 dubii,
438 980 578 1015 dicens:
598 981 678 1014 oms
693 981 772 1023 ella,
795 981 932 1025 supple,
960 980 1048 1015 dixit
1072 981 1170 1026 mihi,
1194 985 1234 1016 ut

62 1042 197 1077 faceret
226 1051 284 1076 me
311 1043 511 1075 attentum:
540 1041 572 1074 io
599 1036 716 1074 dicero
742 1051 837 1075 come
862 1036 914 1075 cio
941 1042 1180 1076 ch'amnzi'rar
1207 1043 1231 1075 te?

58 1104 149 1147 sace,
177 1101 321 1145 scilicet,
351 1104 480 1135 ventus
513 1104 548 1135 et
581 1110 690 1145 aqua,
720 1102 872 1145 procede
896 1111 964 1145 per
994 1111 1059 1135 sua
1091 1103 1229 1146 camon,

60 1171 132 1196 non
151 1160 307 1196 naturali
324 1154 371 1204 fl,
398 1171 415 1194 e
430 1156 607 1204 lml'ylzero
626 1161 660 1194 la
679 1160 813 1203 nebbia,
833 1160 934 1204 idest,
954 1160 1146 1196 dissolvam
1168 1171 1232 1196 ne—

58 1221 183 1256 bulam
204 1220 428 1266 ignorantiae,
449 1221 507 1254 elce
526 1221 549 1254 le?
563 1221 663 1262 fiecle,
684 1219 782 1264 idest,
800 1220 880 1255 serit
899 1223 935 1255 ot
954 1220 1109 1265 percutit
1128 1230 1232 1255 men-

59 1285 132 1316 tem
162 1284 261 1315 tuam
290 1280 541 1323 admiratione,
568 1279 671 1324 quasi
694 1279 806 1314 dicat:
830 1279 922 1314 sicut
946 1290 1017 1315 vox
1046 1280 1230 1325 prophetae

58 1345 174 1387 potest
204 1340 401 1376 dissolvere
434 1343 469 1375 et
502 1339 751 1374 distenebrare
786 1343 891 1374 tuum
929 1339 1150 1375 intellectum
1185 1339 1230 1375 de

60 1412 131 1436 una
159 1411 199 1435 re
227 1400 392 1444 mirabili,
417 1399 464 1434 ita
484 1409 554 1434 vox
583 1409 664 1434 mea
683 1399 941 1434 distenebrabit
960 1399 1076 1444 ipsum
1097 1399 1141 1434 de
1160 1399 1228 1434 alia

60 1470 99 1496 re
126 1470 199 1495 non
227 1460 346 1494 minus
375 1459 539 1493 mirabili.
556 1461 666 1492 —Lo
692 1469 834 1493 sonmo.
868 1459 930 1493 Hic
964 1459 1139 1494 Matllildis
1167 1469 1232 1494 vo-

58 1521 134 1556 lens
161 1520 303 1555 solvere
330 1519 443 1564 ipsam
472 1518 710 1563 quaestionem
739 1519 861 1564 incipit
894 1529 1023 1564 parum
1055 1530 1077 1554 a
1107 1519 1226 1564 longe,

58 1580 249 1616 ostendens
277 1589 392 1624 quare
419 1582 455 1614 et
481 1578 526 1613 ad
554 1589 665 1623 quem
691 1578 799 1613 finem
822 1578 938 1613 factus
961 1581 1014 1614 est
1041 1578 1142 1613 locus
1162 1578 1228 1613 iste

57 1640 133 1675 sine
159 1639 281 1684 aliqua
307 1638 521 1674 alteratione
550 1638 716 1673 naturali.
750 1638 850 1673 Unde
882 1638 985 1673 dicit:
1016 1640 1063 1672 Lo
1094 1648 1226 1672 sommo

56 1702 160 1743 Bene,
188 1699 330 1743 scilicet,
360 1699 469 1742 Deus,
497 1699 555 1732 clze
580 1700 654 1733 solo
681 1709 756 1733 esso
782 1709 805 1733 α
830 1709 866 1733 se
887 1700 1000 1742 piace,
1021 1698 1105 1743 quia
1130 1698 1228 1733 solus

56 1759 153 1794 Deus
184 1770 222 1795 se
259 1759 363 1802 videt,
401 1768 438 1793 se
475 1758 638 1804 intelligit
670 1761 706 1793 et
739 1758 924 1804 cognoscit
954 1758 1124 1803 perfecte,
1157 1759 1229 1802 fece

57 1820 77 1853 l’
93 1830 184 1862 nom,
213 1819 356 1863 scilicet,
384 1818 496 1852 Adam
526 1822 561 1853 et
588 1818 713 1862 Evam,
741 1819 867 1861 ὸιιοηο,
887 1818 1085 1864 simplicem
1106 1822 1140 1854 et
1169 1829 1227 1854 re—

56 1882 157 1914 ctum
185 1878 219 1913 in
247 1881 340 1913 statu
371 1877 594 1921 innocenliae,
630 1888 653 1911 (ι
679 1878 773 1921 bene,
802 1878 901 1922 idest,
930 1878 975 1912 ad
1003 1878 1111 1913 finem
1141 1878 1227 1913 bea—

56 1938 226 1982 titudinis,
263 1950 280 1971 e
306 1938 402 1972 ‹liezle
429 1941 544 1980 questo
571 1939 658 1981 loco,
689 1937 832 1981 scilicet,
867 1937 1075 1982 paradisum
1110 1940 1228 1972 terre-

57 2001 180 2042 strem,
209 2008 230 2032 α
264 1999 323 2041 lui,
358 1996 502 2041 scilicet,
536 1995 621 2031 Adae
655 2000 690 2031 et
725 1997 823 2039 Evae,
846 2007 913 2040 per
939 2007 1029 2030 arra
1061 1998 1094 2031 (Γ
1109 2001 1227 2032 eterna

53 2067 153 2101 pace,
180 2057 280 2102 idest,
301 2068 365 2102 pro
385 2060 487 2102 parte
506 2056 661 2091 coelestis
680 2055 866 2091 felicitatis.
887 2056 929 2090 Et
947 2056 1004 2091 hic
1024 2060 1108 2091 nota
1127 2057 1224 2102 quod

57 2116 161 2162 primi
190 2119 358 2162 parentes
376 2116 460 2151 satis
481 2125 651 2161 magnam
673 2115 878 2150 felicitatem
902 2116 1092 2161 habebant,
1115 2117 1223 2152 etiam

119 2231 145 2260 (¹)
165 2233 216 2258 117,
235 2232 401 2261 quwstionvm
421 2231 537 2255 Mathildi
557 2232 624 2254 circa
642 2231 768 2261 originem
787 2231 855 2254 venti
872 2234 897 2254 et
915 2238 996 2261 aqua‘.

118 2269 143 2298 ζ’)
163 2270 190 2292 Ε.
208 2272 300 2299 questa.
318 2270 342 2293 Si
361 2271 428 2293 enim
447 2270 517 2293 dixit.
727 2269 753 2299 (³)
771 2269 799 2293 E.
818 2270 944 2299 promisit.

119 2307 145 2335 (⁴)
162 2307 190 2331 E.
209 2314 258 2331 non
278 2308 437 2331 naturaliter.
