<?xml version="1.0" encoding="UTF-8"?>
<!DOCTYPE html PUBLIC "-//W3C//DTD XHTML 1.0 Transitional//EN"
    "http://www.w3.org/TR/xhtml1/DTD/xhtml1-transitional.dtd">
<html xmlns="http://www.w3.org/1999/xhtml" xml:lang="en" lang="en">
 <head>
  <title>
</title>
<meta http-equiv="Content-Type" content="text/html;charset=utf-8" />
  <meta name='ocr-system' content='tesseract 3.04.00' />
  <meta name='ocr-capabilities' content='ocr_page ocr_carea ocr_par ocr_line ocrx_word'/>
</head>
<body>
  <div class='ocr_page' id='page_1' title='image "./comentumsuperdan04benvuoft_0213.png"; bbox 0 0 1737 2836; ppageno 0'>
   <div class='ocr_carea' id='block_1_1' title="bbox 419 241 1255 273">
    <p class='ocr_par' dir='ltr' id='par_1_1' title="bbox 419 241 1255 273">
     <span class='ocr_line' id='line_1_1' title="bbox 419 241 1255 273; baseline -0.001 -1"><span class='ocrx_word' id='word_1_1' title='bbox 419 247 555 272; x_wconf 73' lang='lat' dir='ltr'><strong>CANTUS</strong></span> <span class='ocrx_word' id='word_1_2' title='bbox 582 247 772 273; x_wconf 86' lang='lat' dir='ltr'><strong>VlGESIMUS</strong></span> <span class='ocrx_word' id='word_1_3' title='bbox 798 247 927 273; x_wconf 88' lang='lat' dir='ltr'><strong>NONUS.</strong></span> <span class='ocrx_word' id='word_1_4' title='bbox 1189 241 1255 271; x_wconf 81' lang='grc'><strong>199</strong></span> 
     </span>
    </p>
   </div>
   <div class='ocr_carea' id='block_1_2' title="bbox 86 319 1263 2338">
    <p class='ocr_par' dir='ltr' id='par_1_2' title="bbox 86 319 1263 2338">
     <span class='ocr_line' id='line_1_2' title="bbox 88 319 1258 364; baseline -0.001 -8"><span class='ocrx_word' id='word_1_5' title='bbox 88 320 175 356; x_wconf 90' lang='lat' dir='ltr'><strong>dum</strong></span> <span class='ocrx_word' id='word_1_6' title='bbox 207 320 351 355; x_wconf 85' lang='lat' dir='ltr'><strong>solitum</strong></span> <span class='ocrx_word' id='word_1_7' title='bbox 385 320 525 364; x_wconf 86' lang='lat' dir='ltr'><strong>caloris,</strong></span> <span class='ocrx_word' id='word_1_8' title='bbox 557 321 595 364; x_wconf 81' lang='grc' dir='ltr'><strong>[ιι</strong></span> <span class='ocrx_word' id='word_1_9' title='bbox 629 320 813 363; x_wconf 75' lang='lat' dir='ltr'><strong>combnsm,</strong></span> <span class='ocrx_word' id='word_1_10' title='bbox 852 319 953 364; x_wconf 76' lang='lat' dir='ltr'><strong>idest,</strong></span> <span class='ocrx_word' id='word_1_11' title='bbox 988 319 1201 354; x_wconf 82' lang='lat' dir='ltr'><strong>fulminatus</strong></span> <span class='ocrx_word' id='word_1_12' title='bbox 1235 330 1258 355; x_wconf 88' lang='lat' dir='ltr'><strong>a</strong></span> 
     </span>
     <span class='ocr_line' id='line_1_3' title="bbox 87 380 1259 426; baseline -0.003 -10"><span class='ocrx_word' id='word_1_13' title='bbox 87 381 175 416; x_wconf 87' lang='lat' dir='ltr'>Jove</span> <span class='ocrx_word' id='word_1_14' title='bbox 202 391 286 416; x_wconf 90' lang='lat' dir='ltr'><strong>cum</strong></span> <span class='ocrx_word' id='word_1_15' title='bbox 321 380 397 426; x_wconf 85' lang='lat' dir='ltr'><strong>ipso</strong></span> <span class='ocrx_word' id='word_1_16' title='bbox 429 380 626 423; x_wconf 83' lang='lat' dir='ltr'><strong>Phaetonte,</strong></span> <span class='ocrx_word' id='word_1_17' title='bbox 652 391 716 424; x_wconf 79' lang='lat' dir='ltr'><strong>per</strong></span> <span class='ocrx_word' id='word_1_18' title='bbox 753 381 935 414; x_wconf 52' lang='lat' dir='ltr'><strong>For-anon</strong></span> <span class='ocrx_word' id='word_1_19' title='bbox 962 381 1053 414; x_wconf 79' lang='lat' dir='ltr'><strong>della</strong></span> <span class='ocrx_word' id='word_1_20' title='bbox 1081 384 1176 414; x_wconf 79' lang='lat' dir='ltr'><strong>{erra</strong></span> <span class='ocrx_word' id='word_1_21' title='bbox 1204 380 1259 414; x_wconf 73' lang='lat' dir='ltr'><strong>di-</strong></span> 
     </span>
     <span class='ocr_line' id='line_1_4' title="bbox 88 439 1259 485; baseline -0.001 -10"><span class='ocrx_word' id='word_1_22' title='bbox 88 444 188 485; x_wconf 73' lang='lat' dir='ltr'><strong>vola5</strong></span> <span class='ocrx_word' id='word_1_23' title='bbox 218 441 313 475; x_wconf 90' lang='lat' dir='ltr'><strong>unde</strong></span> <span class='ocrx_word' id='word_1_24' title='bbox 339 440 485 475; x_wconf 87' lang='lat' dir='ltr'><strong>Ovidius</strong></span> <span class='ocrx_word' id='word_1_25' title='bbox 512 439 707 475; x_wconf 81' lang='lat' dir='ltr'>introducit</span> <span class='ocrx_word' id='word_1_26' title='bbox 734 443 870 475; x_wconf 83' lang='lat' dir='ltr'><strong>terram</strong></span> <span class='ocrx_word' id='word_1_27' title='bbox 905 450 986 485; x_wconf 81' lang='lat' dir='ltr'><strong>quae</strong></span> <span class='ocrx_word' id='word_1_28' title='bbox 1013 439 1145 475; x_wconf 88' lang='lat' dir='ltr'><strong>ardens</strong></span> <span class='ocrx_word' id='word_1_29' title='bbox 1172 449 1259 485; x_wconf 84' lang='lat' dir='ltr'><strong>por-</strong></span> 
     </span>
     <span class='ocr_line' id='line_1_5' title="bbox 88 499 1259 547; baseline -0.001 -12"><span class='ocrx_word' id='word_1_30' title='bbox 88 501 170 547; x_wconf 87' lang='lat' dir='ltr'><strong>rigit</strong></span> <span class='ocrx_word' id='word_1_31' title='bbox 197 501 386 545; x_wconf 85' lang='lat' dir='ltr'><strong>querelam</strong></span> <span class='ocrx_word' id='word_1_32' title='bbox 413 500 457 535; x_wconf 85' lang='lat' dir='ltr'><strong>ad</strong></span> <span class='ocrx_word' id='word_1_33' title='bbox 483 499 622 543; x_wconf 80' lang='lat' dir='ltr'><strong>Jovem,</strong></span> <span class='ocrx_word' id='word_1_34' title='bbox 651 499 748 544; x_wconf 86' lang='lat' dir='ltr'><strong>quod</strong></span> <span class='ocrx_word' id='word_1_35' title='bbox 781 510 846 544; x_wconf 90' lang='lat' dir='ltr'><strong>pro</strong></span> <span class='ocrx_word' id='word_1_36' title='bbox 880 503 932 534; x_wconf 88' lang='lat' dir='ltr'><strong>tot</strong></span> <span class='ocrx_word' id='word_1_37' title='bbox 966 499 1149 534; x_wconf 85' lang='lat' dir='ltr'><strong>beneficiis</strong></span> <span class='ocrx_word' id='word_1_38' title='bbox 1185 499 1259 534; x_wconf 88' lang='lat' dir='ltr'><strong>suis</strong></span> 
     </span>
     <span class='ocr_line' id='line_1_6' title="bbox 88 558 1257 606; baseline -0.002 -11"><span class='ocrx_word' id='word_1_39' title='bbox 88 560 293 606; x_wconf 85' lang='lat' dir='ltr'><strong>patiebatur</strong></span> <span class='ocrx_word' id='word_1_40' title='bbox 332 559 518 605; x_wconf 79' lang='lat' dir='ltr'><strong>indignum</strong></span> <span class='ocrx_word' id='word_1_41' title='bbox 559 558 787 604; x_wconf 76' lang='lat' dir='ltr'><strong>supplicium,</strong></span> <span class='ocrx_word' id='word_1_42' title='bbox 820 562 855 593; x_wconf 91' lang='lat' dir='ltr'><strong>et</strong></span> <span class='ocrx_word' id='word_1_43' title='bbox 895 559 1029 593; x_wconf 86' lang='lat' dir='ltr'><strong>meruit</strong></span> <span class='ocrx_word' id='word_1_44' title='bbox 1065 559 1257 604; x_wconf 79' lang='lat' dir='ltr'><strong>exaudiri3</strong></span> 
     </span>
     <span class='ocr_line' id='line_1_7' title="bbox 90 619 1258 664; baseline -0.003 -8"><span class='ocrx_word' id='word_1_45' title='bbox 90 621 185 656; x_wconf 91' lang='lat' dir='ltr'><strong>unde</strong></span> <span class='ocrx_word' id='word_1_46' title='bbox 204 621 305 656; x_wconf 86' lang='lat' dir='ltr'><strong>dicit:</strong></span> <span class='ocrx_word' id='word_1_47' title='bbox 326 621 465 664; x_wconf 78' lang='lat' dir='ltr'><strong>quando</strong></span> <span class='ocrx_word' id='word_1_48' title='bbox 484 621 522 664; x_wconf 73' lang='lat' dir='ltr'><strong>fu</strong></span> <span class='ocrx_word' id='word_1_49' title='bbox 545 621 649 654; x_wconf 71' lang='lat' dir='ltr'><strong>Gz&#39;ove</strong></span> <span class='ocrx_word' id='word_1_50' title='bbox 667 623 913 653; x_wconf 78' lang='lat' dir='ltr'><strong>arcanamenle</strong></span> <span class='ocrx_word' id='word_1_51' title='bbox 933 620 1056 662; x_wconf 73' lang='lat' dir='ltr'><strong>yiuseo.</strong></span> <span class='ocrx_word' id='word_1_52' title='bbox 1080 619 1153 653; x_wconf 88' lang='lat' dir='ltr'><strong>Hoc</strong></span> <span class='ocrx_word' id='word_1_53' title='bbox 1172 619 1258 654; x_wconf 85' lang='lat' dir='ltr'><strong>dicit</strong></span> 
     </span>
     <span class='ocr_line' id='line_1_8' title="bbox 90 677 1255 726; baseline -0.003 -11"><span class='ocrx_word' id='word_1_54' title='bbox 90 681 174 726; x_wconf 89' lang='lat' dir='ltr'><strong>quia</strong></span> <span class='ocrx_word' id='word_1_55' title='bbox 194 680 355 725; x_wconf 85' lang='lat' dir='ltr'><strong>Juppiter</strong></span> <span class='ocrx_word' id='word_1_56' title='bbox 383 678 585 714; x_wconf 73' lang='lat' dir='ltr'><strong>fulminavit</strong></span> <span class='ocrx_word' id='word_1_57' title='bbox 603 678 827 713; x_wconf 79' lang='lat' dir='ltr'><strong>Pbaetontem</strong></span> <span class='ocrx_word' id='word_1_58' title='bbox 851 681 990 713; x_wconf 76' lang='lat' dir='ltr'><strong>secrete</strong></span> <span class='ocrx_word' id='word_1_59' title='bbox 1012 678 1088 712; x_wconf 83' lang='lat' dir='ltr'><strong>sine</strong></span> <span class='ocrx_word' id='word_1_60' title='bbox 1107 677 1255 722; x_wconf 79' lang='lat' dir='ltr'><strong>tonitru,</strong></span> 
     </span>
     <span class='ocr_line' id='line_1_9' title="bbox 89 736 1259 784; baseline -0.003 -10"><span class='ocrx_word' id='word_1_61' title='bbox 89 740 165 775; x_wconf 88' lang='lat' dir='ltr'><strong>sine</strong></span> <span class='ocrx_word' id='word_1_62' title='bbox 193 739 360 783; x_wconf 87' lang='lat' dir='ltr'><strong>nubibus,</strong></span> <span class='ocrx_word' id='word_1_63' title='bbox 380 738 476 784; x_wconf 86' lang='lat' dir='ltr'><strong>quod</strong></span> <span class='ocrx_word' id='word_1_64' title='bbox 505 742 558 773; x_wconf 86' lang='lat' dir='ltr'><strong>est</strong></span> <span class='ocrx_word' id='word_1_65' title='bbox 584 737 801 783; x_wconf 81' lang='lat' dir='ltr'><strong>impossibile</strong></span> <span class='ocrx_word' id='word_1_66' title='bbox 824 747 887 783; x_wconf 84' lang='lat' dir='ltr'><strong>per</strong></span> <span class='ocrx_word' id='word_1_67' title='bbox 906 740 1088 781; x_wconf 83' lang='lat' dir='ltr'><strong>naturam,</strong></span> <span class='ocrx_word' id='word_1_68' title='bbox 1109 740 1148 771; x_wconf 92' lang='lat' dir='ltr'><strong>ut</strong></span> <span class='ocrx_word' id='word_1_69' title='bbox 1175 736 1259 771; x_wconf 88' lang='lat' dir='ltr'><strong>dicit</strong></span> 
     </span>
     <span class='ocr_line' id='line_1_10' title="bbox 89 796 1259 842; baseline -0.003 -8"><span class='ocrx_word' id='word_1_70' title='bbox 89 799 281 835; x_wconf 86' lang='lat' dir='ltr'><strong>Albertus:</strong></span> <span class='ocrx_word' id='word_1_71' title='bbox 322 802 450 833; x_wconf 76' lang='lat' dir='ltr'><strong>natm-a</strong></span> <span class='ocrx_word' id='word_1_72' title='bbox 486 799 689 842; x_wconf 69' lang='lat' dir='ltr'><strong>eonepesczcil</strong></span> <span class='ocrx_word' id='word_1_73' title='bbox 725 797 858 840; x_wconf 60' lang='lat' dir='ltr'><strong>ignibus</strong></span> <span class='ocrx_word' id='word_1_74' title='bbox 895 798 1063 840; x_wconf 77' lang='lat' dir='ltr'><strong>iynes.——</strong></span> <span class='ocrx_word' id='word_1_75' title='bbox 1084 799 1157 831; x_wconf 78' lang='lat' dir='ltr'><strong>Tre.</strong></span> <span class='ocrx_word' id='word_1_76' title='bbox 1195 796 1259 831; x_wconf 90' lang='lat' dir='ltr'><strong>Hic</strong></span> 
     </span>
     <span class='ocr_line' id='line_1_11' title="bbox 90 856 1258 905; baseline -0.003 -11"><span class='ocrx_word' id='word_1_77' title='bbox 90 863 195 905; x_wconf 89' lang='lat' dir='ltr'><strong>poeta</strong></span> <span class='ocrx_word' id='word_1_78' title='bbox 231 859 315 904; x_wconf 83' lang='lat' dir='ltr'><strong>quia</strong></span> <span class='ocrx_word' id='word_1_79' title='bbox 349 858 588 904; x_wconf 85' lang='lat' dir='ltr'><strong>descripserat</strong></span> <span class='ocrx_word' id='word_1_80' title='bbox 624 860 762 903; x_wconf 86' lang='lat' dir='ltr'><strong>septem</strong></span> <span class='ocrx_word' id='word_1_81' title='bbox 796 856 1011 891; x_wconf 77' lang='lat' dir='ltr'><strong>candelabra</strong></span> <span class='ocrx_word' id='word_1_82' title='bbox 1049 859 1085 892; x_wconf 90' lang='lat' dir='ltr'><strong>et</strong></span> <span class='ocrx_word' id='word_1_83' title='bbox 1120 859 1258 902; x_wconf 83' lang='lat' dir='ltr'><strong>septem</strong></span> 
     </span>
     <span class='ocr_line' id='line_1_12' title="bbox 91 916 1259 965; baseline -0.003 -11"><span class='ocrx_word' id='word_1_84' title='bbox 91 919 255 954; x_wconf 82' lang='lat' dir='ltr'><strong>flammas</strong></span> <span class='ocrx_word' id='word_1_85' title='bbox 278 918 518 965; x_wconf 66' lang='lat' dir='ltr'><strong>praecedentia</strong></span> <span class='ocrx_word' id='word_1_86' title='bbox 541 928 706 961; x_wconf 88' lang='lat' dir='ltr'><strong>currum,</strong></span> <span class='ocrx_word' id='word_1_87' title='bbox 726 927 822 951; x_wconf 90' lang='lat' dir='ltr'><strong>nunc</strong></span> <span class='ocrx_word' id='word_1_88' title='bbox 841 916 1009 951; x_wconf 78' lang='lat' dir='ltr'><strong>describit</strong></span> <span class='ocrx_word' id='word_1_89' title='bbox 1027 919 1163 961; x_wconf 78' lang='lat' dir='ltr'><strong>septem</strong></span> <span class='ocrx_word' id='word_1_90' title='bbox 1186 916 1259 951; x_wconf 91' lang='lat' dir='ltr'><strong>vir-</strong></span> 
     </span>
     <span class='ocr_line' id='line_1_13' title="bbox 89 977 1259 1025; baseline -0.001 -12"><span class='ocrx_word' id='word_1_91' title='bbox 89 979 190 1025; x_wconf 86' lang='lat' dir='ltr'><strong>gines</strong></span> <span class='ocrx_word' id='word_1_92' title='bbox 217 978 431 1013; x_wconf 81' lang='lat' dir='ltr'><strong>comitantes</strong></span> <span class='ocrx_word' id='word_1_93' title='bbox 458 978 573 1023; x_wconf 87' lang='lat' dir='ltr'><strong>ipsum</strong></span> <span class='ocrx_word' id='word_1_94' title='bbox 602 987 774 1012; x_wconf 88' lang='lat' dir='ltr'><strong>currum:</strong></span> <span class='ocrx_word' id='word_1_95' title='bbox 796 987 879 1011; x_wconf 89' lang='lat' dir='ltr'><strong>nam</strong></span> <span class='ocrx_word' id='word_1_96' title='bbox 902 980 980 1022; x_wconf 83' lang='lat' dir='ltr'><strong>post</strong></span> <span class='ocrx_word' id='word_1_97' title='bbox 1007 980 1145 1022; x_wconf 76' lang='lat' dir='ltr'><strong>septem</strong></span> <span class='ocrx_word' id='word_1_98' title='bbox 1165 977 1259 1012; x_wconf 88' lang='lat' dir='ltr'><strong>dona</strong></span> 
     </span>
     <span class='ocr_line' id='line_1_14' title="bbox 90 1037 1258 1084; baseline -0.003 -10"><span class='ocrx_word' id='word_1_99' title='bbox 90 1043 125 1075; x_wconf 93' lang='lat' dir='ltr'><strong>et</strong></span> <span class='ocrx_word' id='word_1_100' title='bbox 152 1041 289 1084; x_wconf 82' lang='lat' dir='ltr'><strong>septem</strong></span> <span class='ocrx_word' id='word_1_101' title='bbox 317 1041 545 1073; x_wconf 85' lang='lat' dir='ltr'><strong>sacramenta</strong></span> <span class='ocrx_word' id='word_1_102' title='bbox 574 1037 666 1072; x_wconf 89' lang='lat' dir='ltr'><strong>bene</strong></span> <span class='ocrx_word' id='word_1_103' title='bbox 694 1040 900 1081; x_wconf 84' lang='lat' dir='ltr'><strong>sequuntur</strong></span> <span class='ocrx_word' id='word_1_104' title='bbox 927 1040 1064 1082; x_wconf 85' lang='lat' dir='ltr'><strong>septem</strong></span> <span class='ocrx_word' id='word_1_105' title='bbox 1096 1037 1258 1072; x_wconf 85' lang='lat' dir='ltr'><strong>virtutes.</strong></span> 
     </span>
     <span class='ocr_line' id='line_1_15' title="bbox 90 1096 1257 1144; baseline -0.003 -11"><span class='ocrx_word' id='word_1_106' title='bbox 90 1099 132 1133; x_wconf 89' lang='lat' dir='ltr'><strong>Et</strong></span> <span class='ocrx_word' id='word_1_107' title='bbox 159 1098 277 1144; x_wconf 89' lang='lat' dir='ltr'><strong>primo</strong></span> <span class='ocrx_word' id='word_1_108' title='bbox 304 1097 451 1143; x_wconf 88' lang='lat' dir='ltr'><strong>quidem</strong></span> <span class='ocrx_word' id='word_1_109' title='bbox 480 1096 648 1132; x_wconf 84' lang='lat' dir='ltr'><strong>describit</strong></span> <span class='ocrx_word' id='word_1_110' title='bbox 676 1100 749 1131; x_wconf 87' lang='lat' dir='ltr'><strong>tres</strong></span> <span class='ocrx_word' id='word_1_111' title='bbox 776 1096 1051 1131; x_wconf 83' lang='lat' dir='ltr'><strong>excellentiores</strong></span> <span class='ocrx_word' id='word_1_112' title='bbox 1079 1099 1257 1141; x_wconf 84' lang='lat' dir='ltr'><strong>quantum</strong></span> 
     </span>
     <span class='ocr_line' id='line_1_16' title="bbox 91 1156 1259 1202; baseline -0.003 -9"><span class='ocrx_word' id='word_1_113' title='bbox 91 1158 136 1193; x_wconf 85' lang='lat' dir='ltr'><strong>ad</strong></span> <span class='ocrx_word' id='word_1_114' title='bbox 162 1161 286 1193; x_wconf 87' lang='lat' dir='ltr'><strong>actum</strong></span> <span class='ocrx_word' id='word_1_115' title='bbox 315 1161 350 1192; x_wconf 90' lang='lat' dir='ltr'><strong>et</strong></span> <span class='ocrx_word' id='word_1_116' title='bbox 378 1160 556 1202; x_wconf 86' lang='lat' dir='ltr'><strong>quantum</strong></span> <span class='ocrx_word' id='word_1_117' title='bbox 585 1156 629 1191; x_wconf 86' lang='lat' dir='ltr'><strong>ad</strong></span> <span class='ocrx_word' id='word_1_118' title='bbox 664 1156 839 1201; x_wconf 84' lang='lat' dir='ltr'><strong>habitum,</strong></span> <span class='ocrx_word' id='word_1_119' title='bbox 867 1156 1008 1191; x_wconf 79' lang='lat' dir='ltr'><strong>dicens:</strong></span> <span class='ocrx_word' id='word_1_120' title='bbox 1042 1159 1107 1190; x_wconf 79' lang='lat' dir='ltr'><strong>Tre</strong></span> <span class='ocrx_word' id='word_1_121' title='bbox 1132 1157 1259 1199; x_wconf 78' lang='lat' dir='ltr'><strong>donne,</strong></span> 
     </span>
     <span class='ocr_line' id='line_1_17' title="bbox 92 1216 1260 1263; baseline -0.002 -11"><span class='ocrx_word' id='word_1_122' title='bbox 92 1218 245 1253; x_wconf 83' lang='lat' dir='ltr'><strong>virtutes</strong></span> <span class='ocrx_word' id='word_1_123' title='bbox 273 1217 495 1263; x_wconf 74' lang='lat' dir='ltr'><strong>theologicae,</strong></span> <span class='ocrx_word' id='word_1_124' title='bbox 518 1218 639 1251; x_wconf 65' lang='lat' dir='ltr'><strong>venian</strong></span> <span class='ocrx_word' id='word_1_125' title='bbox 659 1217 863 1259; x_wconf 69' lang='lat' dir='ltr'><strong>clcmzamlo,</strong></span> <span class='ocrx_word' id='word_1_126' title='bbox 883 1216 1045 1251; x_wconf 86' lang='lat' dir='ltr'><strong>faciendo</strong></span> <span class='ocrx_word' id='word_1_127' title='bbox 1074 1216 1204 1251; x_wconf 84' lang='lat' dir='ltr'><strong>festum</strong></span> <span class='ocrx_word' id='word_1_128' title='bbox 1225 1219 1260 1251; x_wconf 88' lang='lat' dir='ltr'><strong>et</strong></span> 
     </span>
     <span class='ocr_line' id='line_1_18' title="bbox 91 1275 1260 1324; baseline -0.002 -12"><span class='ocrx_word' id='word_1_129' title='bbox 91 1277 267 1324; x_wconf 85' lang='lat' dir='ltr'><strong>gaudium</strong></span> <span class='ocrx_word' id='word_1_130' title='bbox 295 1287 420 1312; x_wconf 84' lang='lat' dir='ltr'><strong>coram</strong></span> <span class='ocrx_word' id='word_1_131' title='bbox 448 1286 578 1322; x_wconf 81' lang='lat' dir='ltr'><strong>sponso</strong></span> <span class='ocrx_word' id='word_1_132' title='bbox 611 1275 782 1320; x_wconf 81' lang='lat' dir='ltr'><strong>ecclesiae,</strong></span> <span class='ocrx_word' id='word_1_133' title='bbox 819 1277 854 1310; x_wconf 73' lang='lat' dir='ltr'><strong>in</strong></span> <span class='ocrx_word' id='word_1_134' title='bbox 885 1277 978 1319; x_wconf 62' lang='lat' dir='ltr'><strong>giro,</strong></span> <span class='ocrx_word' id='word_1_135' title='bbox 1007 1286 1110 1311; x_wconf 87' lang='lat' dir='ltr'><strong>more</strong></span> <span class='ocrx_word' id='word_1_136' title='bbox 1145 1276 1260 1321; x_wconf 91' lang='lat' dir='ltr'><strong>tripu-</strong></span> 
     </span>
     <span class='ocr_line' id='line_1_19' title="bbox 90 1335 1257 1381; baseline -0.003 -9"><span class='ocrx_word' id='word_1_137' title='bbox 90 1336 278 1381; x_wconf 80' lang='lat' dir='ltr'><strong>diantium,</strong></span> <span class='ocrx_word' id='word_1_138' title='bbox 307 1337 403 1371; x_wconf 78' lang='lat' dir='ltr'><strong>dalla</strong></span> <span class='ocrx_word' id='word_1_139' title='bbox 429 1337 547 1370; x_wconf 76' lang='lat' dir='ltr'><strong>deslra</strong></span> <span class='ocrx_word' id='word_1_140' title='bbox 579 1339 695 1378; x_wconf 69' lang='lat' dir='ltr'><strong>recola,</strong></span> <span class='ocrx_word' id='word_1_141' title='bbox 723 1345 765 1369; x_wconf 84' lang='lat' dir='ltr'><strong>ex</strong></span> <span class='ocrx_word' id='word_1_142' title='bbox 800 1338 902 1380; x_wconf 84' lang='lat' dir='ltr'><strong>parte</strong></span> <span class='ocrx_word' id='word_1_143' title='bbox 930 1335 1012 1369; x_wconf 86' lang='lat' dir='ltr'><strong>novi</strong></span> <span class='ocrx_word' id='word_1_144' title='bbox 1040 1335 1257 1380; x_wconf 77' lang='lat' dir='ltr'><strong>testamenti,</strong></span> 
     </span>
     <span class='ocr_line' id='line_1_20' title="bbox 92 1394 1260 1441; baseline -0.002 -10"><span class='ocrx_word' id='word_1_145' title='bbox 92 1396 176 1441; x_wconf 89' lang='lat' dir='ltr'><strong>quia</strong></span> <span class='ocrx_word' id='word_1_146' title='bbox 203 1399 368 1441; x_wconf 89' lang='lat' dir='ltr'><strong>tempore</strong></span> <span class='ocrx_word' id='word_1_147' title='bbox 396 1395 477 1430; x_wconf 83' lang='lat' dir='ltr'><strong>novi</strong></span> <span class='ocrx_word' id='word_1_148' title='bbox 498 1395 702 1430; x_wconf 80' lang='lat' dir='ltr'><strong>testamenti</strong></span> <span class='ocrx_word' id='word_1_149' title='bbox 724 1395 871 1430; x_wconf 76' lang='lat' dir='ltr'><strong>fuerunt</strong></span> <span class='ocrx_word' id='word_1_150' title='bbox 890 1398 983 1429; x_wconf 85' lang='lat' dir='ltr'><strong>notae</strong></span> <span class='ocrx_word' id='word_1_151' title='bbox 1007 1394 1082 1429; x_wconf 56' lang='lat' dir='ltr'><strong>istac</strong></span> <span class='ocrx_word' id='word_1_152' title='bbox 1102 1398 1174 1430; x_wconf 88' lang='lat' dir='ltr'><strong>tres</strong></span> <span class='ocrx_word' id='word_1_153' title='bbox 1196 1394 1260 1429; x_wconf 89' lang='lat' dir='ltr'><strong>do—</strong></span> 
     </span>
     <span class='ocr_line' id='line_1_21' title="bbox 92 1455 1258 1500; baseline -0.001 -10"><span class='ocrx_word' id='word_1_154' title='bbox 92 1456 220 1500; x_wconf 54' lang='lat' dir='ltr'><strong>mina-5</strong></span> <span class='ocrx_word' id='word_1_155' title='bbox 248 1459 283 1490; x_wconf 87' lang='lat' dir='ltr'><strong>et</strong></span> <span class='ocrx_word' id='word_1_156' title='bbox 310 1466 411 1490; x_wconf 87' lang='lat' dir='ltr'><strong>ecce:</strong></span> <span class='ocrx_word' id='word_1_157' title='bbox 440 1457 546 1490; x_wconf 79' lang='grc' dir='ltr'><strong>Ιίιηα</strong></span> <span class='ocrx_word' id='word_1_158' title='bbox 573 1459 668 1489; x_wconf 70' lang='lat' dir='ltr'><strong>canto</strong></span> <span class='ocrx_word' id='word_1_159' title='bbox 694 1465 810 1499; x_wconf 79' lang='lat' dir='ltr'><strong>rossa,</strong></span> <span class='ocrx_word' id='word_1_160' title='bbox 837 1455 981 1499; x_wconf 88' lang='lat' dir='ltr'><strong>scilicet,</strong></span> <span class='ocrx_word' id='word_1_161' title='bbox 1010 1455 1151 1500; x_wconf 77' lang='lat' dir='ltr'><strong>caritas,</strong></span> <span class='ocrx_word' id='word_1_162' title='bbox 1171 1456 1258 1490; x_wconf 65' lang='grc' dir='ltr'><strong>61ιά</strong></span> 
     </span>
     <span class='ocr_line' id='line_1_22' title="bbox 86 1514 1258 1560; baseline 0.001 -11"><span class='ocrx_word' id='word_1_163' title='bbox 86 1526 179 1560; x_wconf 75' lang='lat' dir='ltr'><strong>pena</strong></span> <span class='ocrx_word' id='word_1_164' title='bbox 194 1517 279 1560; x_wconf 79' lang='lat' dir='ltr'><strong>sora</strong></span> <span class='ocrx_word' id='word_1_165' title='bbox 298 1519 393 1557; x_wconf 76' lang='lat' dir='ltr'><strong>nola,</strong></span> <span class='ocrx_word' id='word_1_166' title='bbox 413 1515 514 1559; x_wconf 75' lang='lat' dir='ltr'><strong>idest,</strong></span> <span class='ocrx_word' id='word_1_167' title='bbox 538 1519 631 1550; x_wconf 86' lang='lat' dir='ltr'><strong>esset</strong></span> <span class='ocrx_word' id='word_1_168' title='bbox 650 1514 805 1560; x_wconf 81' lang='lat' dir='ltr'><strong>cognita,</strong></span> <span class='ocrx_word' id='word_1_169' title='bbox 828 1515 951 1548; x_wconf 80' lang='lat' dir='ltr'><strong>denlro</strong></span> <span class='ocrx_word' id='word_1_170' title='bbox 971 1516 1008 1548; x_wconf 78' lang='lat' dir='ltr'><strong>al</strong></span> <span class='ocrx_word' id='word_1_171' title='bbox 1029 1516 1154 1559; x_wconf 70' lang='lat' dir='ltr'><strong>simeo,-</strong></span> <span class='ocrx_word' id='word_1_172' title='bbox 1174 1515 1258 1560; x_wconf 85' lang='lat' dir='ltr'><strong>quia</strong></span> 
     </span>
     <span class='ocr_line' id='line_1_23' title="bbox 91 1574 1259 1611; baseline -0.002 -1"><span class='ocrx_word' id='word_1_173' title='bbox 91 1575 221 1611; x_wconf 82' lang='lat' dir='ltr'><strong>caritas</strong></span> <span class='ocrx_word' id='word_1_174' title='bbox 248 1575 403 1610; x_wconf 84' lang='lat' dir='ltr'><strong>incendit</strong></span> <span class='ocrx_word' id='word_1_175' title='bbox 431 1578 465 1609; x_wconf 85' lang='lat' dir='ltr'><strong>et</strong></span> <span class='ocrx_word' id='word_1_176' title='bbox 492 1574 691 1608; x_wconf 83' lang='lat' dir='ltr'><strong>inflammat</strong></span> <span class='ocrx_word' id='word_1_177' title='bbox 719 1574 903 1608; x_wconf 86' lang='lat' dir='ltr'><strong>hominem</strong></span> <span class='ocrx_word' id='word_1_178' title='bbox 932 1574 976 1608; x_wconf 85' lang='lat' dir='ltr'><strong>ad</strong></span> <span class='ocrx_word' id='word_1_179' title='bbox 1003 1584 1168 1609; x_wconf 82' lang='lat' dir='ltr'><strong>amorem</strong></span> <span class='ocrx_word' id='word_1_180' title='bbox 1197 1574 1259 1609; x_wconf 90' lang='lat' dir='ltr'><strong>Dei</strong></span> 
     </span>
     <span class='ocr_line' id='line_1_24' title="bbox 91 1633 1261 1680; baseline -0.003 -10"><span class='ocrx_word' id='word_1_181' title='bbox 91 1638 127 1670; x_wconf 88' lang='lat' dir='ltr'><strong>et</strong></span> <span class='ocrx_word' id='word_1_182' title='bbox 154 1634 308 1680; x_wconf 83' lang='lat' dir='ltr'><strong>proximi</strong></span> <span class='ocrx_word' id='word_1_183' title='bbox 336 1634 529 1680; x_wconf 85' lang='lat' dir='ltr'><strong>plusquam</strong></span> <span class='ocrx_word' id='word_1_184' title='bbox 556 1633 685 1678; x_wconf 86' lang='lat' dir='ltr'><strong>aliquis</strong></span> <span class='ocrx_word' id='word_1_185' title='bbox 713 1633 814 1679; x_wconf 77' lang='lat' dir='ltr'><strong>ignis.</strong></span> <span class='ocrx_word' id='word_1_186' title='bbox 840 1633 923 1668; x_wconf 77' lang='lat' dir='ltr'><strong>Haec</strong></span> <span class='ocrx_word' id='word_1_187' title='bbox 944 1633 1040 1668; x_wconf 93' lang='lat' dir='ltr'><strong>enim</strong></span> <span class='ocrx_word' id='word_1_188' title='bbox 1065 1634 1147 1668; x_wconf 79' lang='lat' dir='ltr'><strong>fecit</strong></span> <span class='ocrx_word' id='word_1_189' title='bbox 1166 1634 1261 1668; x_wconf 83' lang='lat' dir='ltr'><strong>Lau-</strong></span> 
     </span>
     <span class='ocr_line' id='line_1_25' title="bbox 93 1693 1260 1739; baseline -0.001 -10"><span class='ocrx_word' id='word_1_190' title='bbox 93 1694 250 1730; x_wconf 90' lang='lat' dir='ltr'><strong>rentium</strong></span> <span class='ocrx_word' id='word_1_191' title='bbox 279 1694 403 1729; x_wconf 84' lang='lat' dir='ltr'><strong>laetum</strong></span> <span class='ocrx_word' id='word_1_192' title='bbox 424 1693 517 1728; x_wconf 87' lang='lat' dir='ltr'><strong>inter</strong></span> <span class='ocrx_word' id='word_1_193' title='bbox 539 1693 716 1738; x_wconf 81' lang='lat' dir='ltr'><strong>flammas,</strong></span> <span class='ocrx_word' id='word_1_194' title='bbox 745 1694 820 1728; x_wconf 77' lang='lat' dir='ltr'><strong>liaec</strong></span> <span class='ocrx_word' id='word_1_195' title='bbox 846 1693 929 1729; x_wconf 87' lang='lat' dir='ltr'><strong>fecit</strong></span> <span class='ocrx_word' id='word_1_196' title='bbox 955 1694 1156 1739; x_wconf 68' lang='lat' dir='ltr'><strong>Euryalum</strong></span> <span class='ocrx_word' id='word_1_197' title='bbox 1185 1694 1260 1729; x_wconf 85' lang='lat' dir='ltr'><strong>sor-</strong></span> 
     </span>
     <span class='ocr_line' id='line_1_26' title="bbox 93 1753 1259 1798; baseline 0 -9"><span class='ocrx_word' id='word_1_198' title='bbox 93 1757 165 1789; x_wconf 91' lang='lat' dir='ltr'><strong>tem</strong></span> <span class='ocrx_word' id='word_1_199' title='bbox 194 1753 287 1789; x_wconf 88' lang='lat' dir='ltr'><strong>inter</strong></span> <span class='ocrx_word' id='word_1_200' title='bbox 314 1753 382 1788; x_wconf 88' lang='lat' dir='ltr'><strong>tela</strong></span> <span class='ocrx_word' id='word_1_201' title='bbox 411 1756 446 1788; x_wconf 86' lang='lat' dir='ltr'><strong>et</strong></span> <span class='ocrx_word' id='word_1_202' title='bbox 472 1763 594 1797; x_wconf 81' lang='lat' dir='ltr'><strong>enses3</strong></span> <span class='ocrx_word' id='word_1_203' title='bbox 614 1756 650 1788; x_wconf 92' lang='lat' dir='ltr'><strong>et</strong></span> <span class='ocrx_word' id='word_1_204' title='bbox 669 1753 716 1788; x_wconf 88' lang='lat' dir='ltr'><strong>ita</strong></span> <span class='ocrx_word' id='word_1_205' title='bbox 735 1753 779 1788; x_wconf 90' lang='lat' dir='ltr'><strong>de</strong></span> <span class='ocrx_word' id='word_1_206' title='bbox 800 1754 937 1798; x_wconf 68' lang='lat' dir='ltr'><strong>multis,</strong></span> <span class='ocrx_word' id='word_1_207' title='bbox 959 1755 1093 1796; x_wconf 69' lang='lat' dir='ltr'><strong>l&#39;allm,</strong></span> <span class='ocrx_word' id='word_1_208' title='bbox 1113 1754 1259 1798; x_wconf 83' lang='lat' dir='ltr'><strong>scilicet,</strong></span> 
     </span>
     <span class='ocr_line' id='line_1_27' title="bbox 92 1815 1260 1860; baseline 0 -11"><span class='ocrx_word' id='word_1_209' title='bbox 92 1825 183 1860; x_wconf 87' lang='lat' dir='ltr'><strong>spes,</strong></span> <span class='ocrx_word' id='word_1_210' title='bbox 211 1825 273 1849; x_wconf 80' lang='lat' dir='ltr'><strong>era</strong></span> <span class='ocrx_word' id='word_1_211' title='bbox 299 1825 393 1849; x_wconf 81' lang='lat' dir='ltr'><strong>come</strong></span> <span class='ocrx_word' id='word_1_212' title='bbox 419 1825 454 1849; x_wconf 82' lang='lat' dir='ltr'><strong>se</strong></span> <span class='ocrx_word' id='word_1_213' title='bbox 480 1815 514 1848; x_wconf 89' lang='grc' dir='ltr'><strong>Ια</strong></span> <span class='ocrx_word' id='word_1_214' title='bbox 541 1824 647 1848; x_wconf 76' lang='lat' dir='ltr'><strong>carne</strong></span> <span class='ocrx_word' id='word_1_215' title='bbox 673 1825 690 1848; x_wconf 82' lang='lat' dir='ltr'><strong>e</strong></span> <span class='ocrx_word' id='word_1_216' title='bbox 716 1815 736 1849; x_wconf 87' lang='lat' dir='ltr'><strong>l&#39;</strong></span> <span class='ocrx_word' id='word_1_217' title='bbox 752 1825 832 1848; x_wconf 81' lang='lat' dir='ltr'><strong>ossa</strong></span> <span class='ocrx_word' id='word_1_218' title='bbox 855 1816 992 1859; x_wconf 74' lang='lat' dir='ltr'><strong>sossero</strong></span> <span class='ocrx_word' id='word_1_219' title='bbox 1018 1819 1103 1849; x_wconf 81' lang='lat' dir='ltr'><strong>state</strong></span> <span class='ocrx_word' id='word_1_220' title='bbox 1122 1816 1206 1859; x_wconf 80' lang='lat' dir='ltr'><strong>salte</strong></span> <span class='ocrx_word' id='word_1_221' title='bbox 1223 1816 1260 1850; x_wconf 75' lang='lat' dir='ltr'><strong>di</strong></span> 
     </span>
     <span class='ocr_line' id='line_1_28' title="bbox 92 1874 1261 1921; baseline 0.001 -12"><span class='ocrx_word' id='word_1_222' title='bbox 92 1876 281 1918; x_wconf 80' lang='lat' dir='ltr'><strong>smeraldo,</strong></span> <span class='ocrx_word' id='word_1_223' title='bbox 313 1874 373 1919; x_wconf 88' lang='lat' dir='ltr'><strong>qui</strong></span> <span class='ocrx_word' id='word_1_224' title='bbox 401 1878 453 1908; x_wconf 80' lang='lat' dir='ltr'><strong>est</strong></span> <span class='ocrx_word' id='word_1_225' title='bbox 481 1874 567 1919; x_wconf 82' lang='lat' dir='ltr'><strong>lapis</strong></span> <span class='ocrx_word' id='word_1_226' title='bbox 594 1874 715 1908; x_wconf 80' lang='lat' dir='ltr'><strong>viridis</strong></span> <span class='ocrx_word' id='word_1_227' title='bbox 741 1874 883 1919; x_wconf 84' lang='lat' dir='ltr'><strong>coloris,</strong></span> <span class='ocrx_word' id='word_1_228' title='bbox 909 1879 945 1910; x_wconf 90' lang='lat' dir='ltr'><strong>et</strong></span> <span class='ocrx_word' id='word_1_229' title='bbox 972 1875 1148 1921; x_wconf 80' lang='lat' dir='ltr'><strong>significat</strong></span> <span class='ocrx_word' id='word_1_230' title='bbox 1176 1875 1261 1910; x_wconf 81' lang='lat' dir='ltr'><strong>viri-</strong></span> 
     </span>
     <span class='ocr_line' id='line_1_29' title="bbox 93 1933 1259 1979; baseline 0 -10"><span class='ocrx_word' id='word_1_231' title='bbox 93 1935 240 1969; x_wconf 82' lang='lat' dir='ltr'><strong>ditatem</strong></span> <span class='ocrx_word' id='word_1_232' title='bbox 274 1934 369 1979; x_wconf 75' lang='lat' dir='ltr'><strong>spei3</strong></span> <span class='ocrx_word' id='word_1_233' title='bbox 397 1935 431 1967; x_wconf 79' lang='grc' dir='ltr'><strong>[α</strong></span> <span class='ocrx_word' id='word_1_234' title='bbox 465 1937 576 1976; x_wconf 70' lang='lat' dir='ltr'><strong>terzcz,</strong></span> <span class='ocrx_word' id='word_1_235' title='bbox 609 1933 753 1978; x_wconf 81' lang='lat' dir='ltr'><strong>scilicet,</strong></span> <span class='ocrx_word' id='word_1_236' title='bbox 782 1934 880 1979; x_wconf 78' lang='lat' dir='ltr'><strong>fides,</strong></span> <span class='ocrx_word' id='word_1_237' title='bbox 904 1946 1017 1978; x_wconf 79' lang='lat' dir='ltr'><strong>parea</strong></span> <span class='ocrx_word' id='word_1_238' title='bbox 1052 1945 1133 1969; x_wconf 78' lang='lat' dir='ltr'><strong>neve</strong></span> <span class='ocrx_word' id='word_1_239' title='bbox 1168 1933 1259 1978; x_wconf 77' lang='lat' dir='ltr'><strong>ceste&#39;,</strong></span> 
     </span>
     <span class='ocr_line' id='line_1_30' title="bbox 95 1992 1262 2040; baseline 0 -11"><span class='ocrx_word' id='word_1_240' title='bbox 95 1994 184 2030; x_wconf 89' lang='lat' dir='ltr'><strong>idest</strong></span> <span class='ocrx_word' id='word_1_241' title='bbox 211 1993 330 2037; x_wconf 87' lang='lat' dir='ltr'><strong>modo,</strong></span> <span class='ocrx_word' id='word_1_242' title='bbox 368 2004 496 2036; x_wconf 71' lang='lat' dir='ltr'><strong>massa,</strong></span> <span class='ocrx_word' id='word_1_243' title='bbox 524 1992 627 2038; x_wconf 87' lang='lat' dir='ltr'><strong>quasi</strong></span> <span class='ocrx_word' id='word_1_244' title='bbox 653 1993 757 2037; x_wconf 85' lang='lat' dir='ltr'><strong>dicat,</strong></span> <span class='ocrx_word' id='word_1_245' title='bbox 792 1997 871 2028; x_wconf 89' lang='lat' dir='ltr'><strong>erat</strong></span> <span class='ocrx_word' id='word_1_246' title='bbox 902 1994 1082 2028; x_wconf 86' lang='lat' dir='ltr'><strong>albissima</strong></span> <span class='ocrx_word' id='word_1_247' title='bbox 1115 1997 1262 2040; x_wconf 89' lang='lat' dir='ltr'><strong>propter</strong></span> 
     </span>
     <span class='ocr_line' id='line_1_31' title="bbox 94 2053 1263 2100; baseline 0 -11"><span class='ocrx_word' id='word_1_248' title='bbox 94 2054 288 2100; x_wconf 84' lang='lat' dir='ltr'><strong>puritatem</strong></span> <span class='ocrx_word' id='word_1_249' title='bbox 318 2053 397 2089; x_wconf 81' lang='lat' dir='ltr'><strong>fidei</strong></span> <span class='ocrx_word' id='word_1_250' title='bbox 426 2053 636 2088; x_wconf 80' lang='lat' dir='ltr'><strong>maximam.</strong></span> <span class='ocrx_word' id='word_1_251' title='bbox 665 2053 707 2087; x_wconf 87' lang='lat' dir='ltr'><strong>Et</strong></span> <span class='ocrx_word' id='word_1_252' title='bbox 733 2053 852 2087; x_wconf 81' lang='lat' dir='ltr'><strong>subdit</strong></span> <span class='ocrx_word' id='word_1_253' title='bbox 878 2053 1035 2089; x_wconf 84' lang='lat' dir='ltr'><strong>alternas</strong></span> <span class='ocrx_word' id='word_1_254' title='bbox 1063 2053 1158 2088; x_wconf 87' lang='lat' dir='ltr'><strong>vices</strong></span> <span class='ocrx_word' id='word_1_255' title='bbox 1186 2054 1263 2089; x_wconf 91' lang='lat' dir='ltr'><strong>illa-</strong></span> 
     </span>
     <span class='ocr_line' id='line_1_32' title="bbox 94 2113 1262 2158; baseline 0 -9"><span class='ocrx_word' id='word_1_256' title='bbox 94 2124 176 2149; x_wconf 91' lang='lat' dir='ltr'><strong>rum</strong></span> <span class='ocrx_word' id='word_1_257' title='bbox 204 2113 449 2157; x_wconf 87' lang='lat' dir='ltr'><strong>dominarum,</strong></span> <span class='ocrx_word' id='word_1_258' title='bbox 469 2113 607 2148; x_wconf 79' lang='lat' dir='ltr'><strong>dicens:</strong></span> <span class='ocrx_word' id='word_1_259' title='bbox 628 2117 658 2147; x_wconf 83' lang='lat' dir='ltr'><strong>el</strong></span> <span class='ocrx_word' id='word_1_260' title='bbox 675 2124 717 2147; x_wconf 79' lang='lat' dir='ltr'><strong>or</strong></span> <span class='ocrx_word' id='word_1_261' title='bbox 734 2123 872 2157; x_wconf 64' lang='lat' dir='ltr'><strong>parcan</strong></span> <span class='ocrx_word' id='word_1_262' title='bbox 891 2115 986 2148; x_wconf 75' lang='lat' dir='ltr'><strong>dalla</strong></span> <span class='ocrx_word' id='word_1_263' title='bbox 1005 2114 1130 2148; x_wconf 74' lang='lat' dir='ltr'><strong>bismca</strong></span> <span class='ocrx_word' id='word_1_264' title='bbox 1149 2118 1262 2158; x_wconf 71' lang='lat' dir='ltr'><strong>(rane,</strong></span> 
     </span>
     <span class='ocr_line' id='line_1_33' title="bbox 94 2172 1263 2219; baseline 0 -10"><span class='ocrx_word' id='word_1_265' title='bbox 94 2173 237 2217; x_wconf 78' lang='lat' dir='ltr'><strong>scilicet,</strong></span> <span class='ocrx_word' id='word_1_266' title='bbox 265 2184 285 2208; x_wconf 91' lang='lat' dir='ltr'><strong>a</strong></span> <span class='ocrx_word' id='word_1_267' title='bbox 314 2173 382 2208; x_wconf 86' lang='lat' dir='ltr'><strong>fide</strong></span> <span class='ocrx_word' id='word_1_268' title='bbox 409 2172 658 2218; x_wconf 86' lang='lat' dir='ltr'><strong>tripudiando;</strong></span> <span class='ocrx_word' id='word_1_269' title='bbox 687 2182 751 2217; x_wconf 89' lang='lat' dir='ltr'><strong>per</strong></span> <span class='ocrx_word' id='word_1_270' title='bbox 778 2172 875 2217; x_wconf 90' lang='lat' dir='ltr'><strong>quod</strong></span> <span class='ocrx_word' id='word_1_271' title='bbox 903 2172 1036 2219; x_wconf 84' lang='lat' dir='ltr'><strong>figurat</strong></span> <span class='ocrx_word' id='word_1_272' title='bbox 1067 2173 1163 2218; x_wconf 85' lang='lat' dir='ltr'><strong>quod</strong></span> <span class='ocrx_word' id='word_1_273' title='bbox 1197 2174 1263 2209; x_wconf 87' lang='lat' dir='ltr'><strong>ali-</strong></span> 
     </span>
     <span class='ocr_line' id='line_1_34' title="bbox 94 2232 1262 2278; baseline 0.002 -11"><span class='ocrx_word' id='word_1_274' title='bbox 94 2232 240 2278; x_wconf 86' lang='lat' dir='ltr'><strong>quando</strong></span> <span class='ocrx_word' id='word_1_275' title='bbox 259 2243 338 2278; x_wconf 82' lang='lat' dir='ltr'><strong>spes</strong></span> <span class='ocrx_word' id='word_1_276' title='bbox 365 2236 399 2268; x_wconf 90' lang='lat' dir='ltr'><strong>et</strong></span> <span class='ocrx_word' id='word_1_277' title='bbox 426 2232 556 2268; x_wconf 78' lang='lat' dir='ltr'><strong>caritas</strong></span> <span class='ocrx_word' id='word_1_278' title='bbox 577 2232 772 2266; x_wconf 85' lang='lat' dir='ltr'><strong>trahuntur</strong></span> <span class='ocrx_word' id='word_1_279' title='bbox 794 2242 814 2267; x_wconf 84' lang='lat' dir='ltr'><strong>a</strong></span> <span class='ocrx_word' id='word_1_280' title='bbox 839 2232 918 2277; x_wconf 81' lang='lat' dir='ltr'><strong>fide,</strong></span> <span class='ocrx_word' id='word_1_281' title='bbox 938 2232 1038 2277; x_wconf 78' lang='lat' dir='ltr'><strong>idest,</strong></span> <span class='ocrx_word' id='word_1_282' title='bbox 1058 2233 1142 2278; x_wconf 84' lang='lat' dir='ltr'><strong>quia</strong></span> <span class='ocrx_word' id='word_1_283' title='bbox 1163 2233 1262 2278; x_wconf 86' lang='lat' dir='ltr'><strong>prius</strong></span> 
     </span>
     <span class='ocr_line' id='line_1_35' title="bbox 95 2292 1261 2338; baseline 0.001 -10"><span class='ocrx_word' id='word_1_284' title='bbox 95 2296 148 2329; x_wconf 92' lang='lat' dir='ltr'><strong>est</strong></span> <span class='ocrx_word' id='word_1_285' title='bbox 176 2292 261 2328; x_wconf 84' lang='lat' dir='ltr'><strong>fides</strong></span> <span class='ocrx_word' id='word_1_286' title='bbox 288 2293 323 2327; x_wconf 90' lang='lat' dir='ltr'><strong>in</strong></span> <span class='ocrx_word' id='word_1_287' title='bbox 350 2293 482 2337; x_wconf 77' lang='lat' dir='ltr'><strong>anima,</strong></span> <span class='ocrx_word' id='word_1_288' title='bbox 502 2302 545 2327; x_wconf 84' lang='lat' dir='ltr'><strong>ex</strong></span> <span class='ocrx_word' id='word_1_289' title='bbox 567 2302 639 2337; x_wconf 90' lang='lat' dir='ltr'><strong>qua</strong></span> <span class='ocrx_word' id='word_1_290' title='bbox 663 2292 855 2338; x_wconf 84' lang='lat' dir='ltr'><strong>insurgunt</strong></span> <span class='ocrx_word' id='word_1_291' title='bbox 875 2296 909 2327; x_wconf 85' lang='lat' dir='ltr'><strong>et</strong></span> <span class='ocrx_word' id='word_1_292' title='bbox 928 2296 1101 2328; x_wconf 86' lang='lat' dir='ltr'><strong>creantur</strong></span> <span class='ocrx_word' id='word_1_293' title='bbox 1124 2303 1204 2338; x_wconf 85' lang='lat' dir='ltr'><strong>spes</strong></span> <span class='ocrx_word' id='word_1_294' title='bbox 1226 2297 1261 2329; x_wconf 87' lang='lat' dir='ltr'><strong>et</strong></span> 
     </span>
    </p>
   </div>
  </div>
 </body>
</html>
