1737 2836
502 201 640 228 clxix-Tus
665 202 835 228 ocrAvus.
1189 196 1258 228 499

83 274 367 320 conclusionem,
388 275 473 320 quia
495 275 568 311 scio
588 275 685 320 quod
704 275 914 310 Aristoteles
941 275 1107 311 nobiliter
1128 276 1259 322 probat

82 345 164 370 eam
184 345 249 381 per
268 335 415 382 longam
433 335 701 371 deductionem.
723 335 763 370 Et
781 335 827 370 ad
845 335 1128 372 declarationem
1150 336 1259 372 huius

82 395 225 431 adducit
254 395 351 440 quod
379 395 457 430 talis
475 395 625 431 civilitas
645 406 716 431 non
739 399 855 441 potest
875 396 999 431 haberi
1024 396 1090 431 nisi
1117 406 1182 442 per
1203 395 1258 432 di-

83 465 188 490 versa
216 455 333 490 studia
360 455 575 500 hominum3
604 455 701 490 unde
728 455 827 500 ponit
859 455 967 490 aliam
1003 456 1258 503 interrogatio-

85 525 166 550 nem
187 515 304 550 Caroli
326 515 498 551 dicentis:
526 526 544 550 e
556 510 628 559 Ριιὸ
647 516 714 558 eylz‘
731 525 854 558 essere,
875 515 1008 551 scilicet
1028 515 1125 561 quod
1146 517 1258 551 homo

83 574 126 609 sit
153 574 239 609 civis
267 575 301 609 in
330 574 478 619 mundo,
505 585 540 609 se
566 572 624 618 yii'c
651 585 721 609 non
739 576 770 609 st
796 575 880 617 vive,
899 575 945 610 ab
970 575 1177 611 hominibus
1204 575 1259 611 di-

85 634 207 679 versis,
228 636 478 670 cliversamente
493 645 558 679 per
576 636 705 670 diversi
723 635 839 679 affici?
858 634 900 669 Et
920 635 1113 680 respondet
1127 638 1255 670 autor:

84 704 155 729 non
189 697 307 740 potest
337 705 439 739 esse,
477 698 512 730 et
543 694 688 730 adducit
720 694 898 740 optimum
935 697 1078 739 testem,
1109 695 1254 730 dicens:

82 766 141 798 no,
167 766 203 789 se
222 757 245 789 ’l
279 759 430 790 nmestro
459 759 588 798 vostro,
623 754 757 790 scilicet
784 754 1004 800 Aristoteles,
1033 765 1143 800 quem
1174 755 1258 790 Avi-

82 808 196 851 cenna
216 819 322 851 vocat
341 815 557 862 magist-rum
579 815 697 861 primu
705 826 751 860 m,
767 815 829 850 ben
851 817 882 850 vi
899 817 1018 850 serice.
1035 815 1077 849 Et
1097 815 1153 850 hic
1172 818 1257 850 nota

82 875 177 921 quod
197 875 406 910 Aristoteles
425 885 510 910 cum
530 875 566 910 in
585 875 754 910 omnibus
782 875 891 910 suerit
919 885 1085 921 magnus,
1114 875 1149 910 in
1176 885 1257 910 mo-

83 936 217 971 ralibus
245 939 367 971 tamen
395 935 461 970 suit
488 935 691 979 maximus,
712 935 812 970 Plato
837 939 958 971 tamen
987 935 1102 981 magis
1130 935 1258 971 enituit

81 995 305 1041 eloquentia:
324 995 420 1031 unde
434 993 643 1030 Aristoteles
662 995 717 1030 vir
735 995 945 1030 excellentis
964 995 1095 1041 ingenii
1111 995 1256 1040 eloquio

84 1056 222 1091 Platoni
250 1055 391 1101 imparg
420 1065 490 1090 non
521 1058 643 1090 tamen
662 1055 718 1090 hic
739 1055 911 1101 magister
934 1055 1055 1091 omnia
1075 1055 1176 1091 scivit
1195 1055 1257 1091 sed

81 1115 186 1161 plura
214 1125 324 1160 quam
353 1111 568 1150 alius—Si
598 1125 713 1149 venne.
748 1115 812 1150 Hic
843 1118 949 1160 poeta
985 1126 1030 1150 ex
1063 1115 1258 1161 praemissis

82 1175 181 1221 ponit
215 1175 486 1211 conclusionem
515 1174 652 1219 Caroli,
690 1175 786 1210 unde
821 1175 904 1210 dicit
939 1175 1197 1220 continuative,
1230 1172 1258 1210 si

81 1246 188 1270 venne
214 1237 424 1279 declzccemw,
455 1235 499 1271 de
527 1235 667 1271 ratione
695 1235 730 1270 in
758 1235 949 1280 rationem,
968 1237 1081 1270 iusim)
1105 1246 1127 1270 α
1154 1237 1257 1280 quiet,

82 1295 171 1330 idest
198 1295 241 1331 ad
271 1296 367 1331 hunc
394 1299 595 1341 punctum,
619 1296 741 1339 posce'a
768 1296 963 1330 conchense:
982 1298 1124 1340 Dumque
1143 1297 1172 1330 le
1190 1306 1254 1330 ra-

81 1357 161 1398 dici,
182 1355 281 1401 idest,
302 1365 434 1399 causae,
456 1356 508 1389 de’
525 1356 633 1390 vostri
658 1357 758 1400 offelli
783 1356 944 1390 concleae
970 1366 1081 1390 essere
1107 1357 1254 1398 diverse,

80 1415 125 1450 ad
153 1416 246 1451 benc
273 1426 351 1451 esse
380 1415 545 1461 hominis,
574 1415 618 1451 ad
646 1415 816 1451 decorem
851 1415 1021 1451 universi.
1058 1415 1099 1450 Et
1127 1415 1255 1461 probat

80 1476 325 1511 diversitatem
347 1476 545 1511 effectuum
566 1485 630 1521 per
652 1475 794 1510 diversa
815 1475 994 1521 exempla,
1013 1475 1154 1510 dicens:
1171 1485 1256 1519 per-

80 1533 140 1570 che*
164 1546 222 1578 zm,
242 1535 343 1580 idest,
363 1535 492 1580 aliquis
521 1535 642 1580 homo,
662 1546 764 1570 nasce
791 1537 915 1570 Solone
922 1549 936 1580 ,·
964 1535 1073 1570 Solon
1093 1535 1158 1570 fuit
1178 1535 1257 1580 phi-

81 1596 250 1641 losophus
284 1595 515 1640 atheniensis,
543 1606 639 1630 unus
675 1606 720 1630 ex
755 1598 893 1640 septem
926 1595 1160 1641 sapientibus,
1194 1596 1256 1640 qui

79 1655 175 1691 dedit
202 1656 300 1702 leges
327 1655 466 1690 civibus
492 1654 578 1700 suis,
598 1655 730 1700 quibus
751 1655 808 1690 illa
828 1655 1027 1690 clarissima
1046 1655 1172 1690 civitas
1194 1665 1257 1690 ve-

81 1714 131 1749 nit
162 1714 207 1750 ad
238 1718 379 1750 tantum
416 1715 574 1759 culmen,
602 1718 633 1749 et
669 1716 762 1749 altro
790 1717 898 1749 Xerse
908 1727 922 1759 ,·
950 1715 1083 1750 Xerses
1110 1714 1177 1750 suit
1204 1715 1257 1750 di-

82 1777 179 1810 recte
198 1774 402 1810 contrarius
424 1774 557 1819 Soloni,
577 1774 662 1820 quia
680 1770 728 1819 (⁴),
749 1777 840 1810 teste
859 1774 986 1819 Tullio,
1010 1775 1141 1810 evertit
1164 1779 1257 1811 tem-

80 1833 137 1879 pla
164 1837 199 1869 et
225 1844 319 1879 aras,
348 1834 560 1881 religionem
589 1837 624 1870 et
651 1835 749 1880 leges
777 1834 933 1869 violavit.
963 1833 1044 1868 Fuit
1070 1835 1167 1870 enim
1192 1844 1254 1869 rex

80 1904 271 1939 persarum
302 1894 581 1940 potentissimus,
609 1894 670 1940 qui
699 1897 826 1930 contra
853 1893 1029 1929 Graeciam
1052 1894 1254 1929 inauditum

79 1954 182 1989 duxit
208 1955 433 2000 exercitum;
461 1955 523 1991 sed
550 1955 752 1991 debellatus
774 1965 795 1990 a
814 1953 971 1989 Leonida
991 1954 1084 1990 duce
1104 1954 1255 1990 lacedae-

80 2014 336 2060 moniensium,
364 2015 605 2051 infelicissime
632 2014 761 2050 redivit
787 2014 823 2049 in
850 2014 1010 2050 Persiam
1028 2026 1035 2059 ς
1056 2015 1148 2049 altro
1170 2017 1255 2050 Mel-

79 2075 263 2119 chisedech,
291 2075 353 2121 qui
380 2075 521 2121 primus
548 2075 615 2110 luit
643 2085 705 2110 rex
734 2078 769 2110 ct
797 2075 977 2119 sacerdos,
1005 2075 1066 2120 qui
1094 2075 1255 2111 occurrit

79 2134 208 2169 Abraae
249 2134 414 2170 redeunti
450 2146 471 2170 a
509 2135 659 2170 victoria
701 2134 811 2169 trium
853 2144 1009 2181 regum3
1045 2138 1081 2170 et
1114 2135 1253 2181 primus

141 2265 167 2295 (¹)
186 2268 207 2294 a,
225 2266 278 2296 qui,
297 2268 361 2290 teste
379 2266 475 2290 Tullio.
