1737 2836
365 240 502 265 CANTL‘s
529 240 718 265 vlo-Esfflts
744 239 903 265 TERTlL‘s.
1162 234 1204 265 51

38 317 158 350 tentus
183 324 277 360 pane
304 316 338 349 et
366 313 448 348 vino
468 316 503 348 et
522 312 599 348 aliis
619 313 797 348 fructibus
816 316 924 348 terrae
940 309 975 357 ζ’)
1001 312 1131 358 quaerit
1150 323 1208 347 sa—

38 373 118 420 pida
136 385 282 409 summo
301 373 450 409 artificio
465 375 687 418 praeparata,
704 373 783 408 ideo
800 372 954 408 vindicta
974 372 1093 408 debita
1107 373 1208 418 justo

33 433 168 480 judicio
195 434 259 469 Dei
286 436 411 479 parata
445 435 509 476 est,
538 432 622 476 quia
656 432 769 467 fames
803 432 912 467 intrat
945 442 1078 478 corpus
1112 432 1208 477 eius;

39 503 123 528 nam
151 493 178 528 si
206 493 298 529 bene
324 491 486 539 prandet,
515 491 592 525 vult
626 491 755 525 melius
789 501 955 536 coenare,
987 491 1015 526 si
1050 492 1207 526 multum

38 552 136 598 bibit,
164 563 309 598 semper
335 552 415 597 plus
442 550 595 596 appetit:
624 553 658 585 et
687 550 735 585 sic
763 550 936 585 continuo
963 551 1078 597 magis
1105 551 1209 587 ardet

38 613 217 658 appetitus
243 614 449 656 corruptus,
478 610 524 644 ita
553 609 651 654 quod
680 609 714 643 in
743 606 854 644 nocte*
870 609 1083 645 somniando
1111 610 1209 645 ducit

39 671 132 706 labia
159 674 194 706 et
220 671 356 715 dentes,
384 673 420 705 et
454 669 554 704 velut
588 668 678 715 ignis
712 668 893 703 consumit
929 668 1026 713 illud,
1061 668 1105 703 de
1136 679 1209 713 quo

39 733 182 776 possent
208 730 333 765 vivere
361 729 457 764 mille
474 724 532 773 (²),
560 728 645 773 quid
674 727 793 762 ultra?
821 727 927 762 hodie
961 727 1081 762 vendit
1109 737 1210 762 cam-

38 800 138 836 pum,
166 799 246 825 cras
273 789 431 833 vineam,
462 791 499 823 ut
526 787 718 823 satisfaciat
746 787 863 822 ventri
899 787 1210 832 importunissimo

39 849 220 885 creditori.
248 849 471 894 Consumpta
490 848 655 893 pecunia,
677 847 800 882 vendit
818 847 982 891 domum,
1005 857 1143 891 equum
1163 841 1210 891 (³),

40 912 192 953 vestem,
218 908 398 951 ancillam,
427 911 462 942 et
493 907 663 942 absorbet
695 910 729 941 et
761 906 913 952 deglutit
944 916 1091 941 omnem
1124 906 1211 941 suh-

41 967 208 1003 stantiam
237 978 364 1011 suam;
383 967 533 1002 demum
554 966 674 1001 vendit
694 965 802 1000 tiliam
827 965 1021 1011 propriam,
1043 976 1211 1011 uxorem,

41 1037 224 1071 sororem;
253 1026 399 1071 quando
426 1025 607 1072 prostituit
637 1025 843 1071 pudicitiam
873 1025 975 1060 alteri
1004 1036 1069 1070 pro
1097 1025 1212 1071 pretio

45 1090 83 1122 ut
123 1086 339 1132 respondeat
378 1086 552 1131 improbae
592 1086 698 1131 gulae.
737 1086 925 1120 Postremo
964 1084 1212 1120 deficientibus

43 1146 212 1182 omnibus
241 1146 347 1181 vertit
374 1145 537 1181 furorem
566 1145 600 1180 in
628 1156 666 1180 se
694 1145 824 1190 ipsum,
852 1156 936 1179 cum
961 1145 1117 1180 eflicitur
1135 1155 1213 1180 ser—

42 1217 110 1241 vus
136 1205 295 1250 alterius,
323 1205 531 1249 famulator,
558 1204 737 1249 adulator,
758 1205 851 1248 leno,
871 1207 905 1239 et
934 1204 1030 1249 quod
1053 1207 1105 1239 est
1129 1205 1214 1238 lior-

45 1265 146 1300 ribile
181 1264 290 1309 dictu,
318 1263 473 1299 comedit
501 1274 539 1299 se
566 1263 683 1309 ipsum
711 1263 798 1297 dum
832 1263 927 1298 vadit
954 1263 998 1298 ad
1027 1263 1211 1308 hospitale,

44 1324 116 1359 imo
142 1324 187 1360 ad
214 1324 408 1368 fossatun13
428 1327 463 1358 et
482 1323 543 1358 ubi
566 1323 723 1358 comedit
742 1323 863 1357 onmia
886 1334 951 1358 sua
976 1324 1128 1369 pediculi
1151 1333 1214 1358 co—

43 1384 195 1419 medunt
213 1394 312 1428 eum,
332 1386 367 1418 et
386 1393 531 1418 vermes
550 1383 723 1428 paulatim
745 1383 861 1428 ipsum
884 1383 1003 1417 adhuc
1030 1383 1213 1418 viventem

43 1443 240 1478 comedunt
267 1446 302 1478 et
329 1443 461 1478 rodunt
480 1437 526 1486 (4).
548 1443 643 1488 Ergo
663 1442 711 1477 sic
733 1442 921 1477 maledicta
948 1443 1032 1488 gula
1061 1443 1215 1477 damno-

43 1503 225 1538 sissimum
255 1503 393 1547 vitium,
414 1502 682 1538 irremediabile
705 1502 853 1536 malum.
874 1502 976 1537 Nunc
995 1502 1039 1537 ad
1059 1503 1213 1538 literam.

44 1563 133 1598 Dicit
164 1566 288 1608 poeta:
318 1565 394 1597 Non
422 1564 525 1597 credo
552 1563 609 1596 elce
629 1563 798 1596 Erisilone
824 1564 854 1596 si
878 1564 970 1607 fosse
992 1564 1081 1607 fallo
1107 1573 1216 1606 socco,

44 1622 144 1667 idest,
175 1622 389 1657 macilentus
416 1625 649 1666 extenuatus,
685 1632 706 1655 a
735 1622 852 1656 buccis(
878 1625 1021 1664 slrema,
1049 1621 1125 1656 sine
1151 1621 1216 1656 ali-

46 1692 117 1727 qua
153 1682 381 1726 carnositate,
417 1692 484 1726 per
522 1683 701 1725 cle'yiumzr,
740 1681 839 1726 idest,
881 1684 1029 1726 propter
1069 1681 1216 1726 famem,

46 1742 185 1786 quando
209 1739 268 1785 pist
296 1743 328 1776 η’
343 1741 420 1775 ebbe
451 1745 553 1784 lema,
586 1741 730 1785 scilicet,
758 1752 842 1776 cum
878 1741 986 1786 coepit
1020 1751 1152 1776 vorare
1179 1752 1217 1776 se

47 1801 175 1846 ipsum.
191 1821 239 1826 —
254 1803 302 1835 10.
324 1801 385 1835 Hic
405 1804 510 1845 poeta
533 1800 759 1835 manifestata
781 1800 876 1836 same
905 1800 1063 1835 maxima
1092 1810 1218 1836 exem-

48 1860 104 1906 plo
135 1860 255 1904 unius,
292 1859 494 1895 manifestat
530 1860 642 1905 ipsam
679 1861 847 1905 exemplo
882 1861 1105 1904 multorum;
1138 1860 1218 1895 ideo

48 1919 271 1965 comparatio
298 1919 363 1953 ista
392 1922 443 1954 est
472 1919 717 1964 propriissima
744 1920 788 1954 ad
816 1920 963 1955 factum.
985 1920 1025 1953 Et
1044 1919 1089 1954 ad
1114 1920 1218 1954 intel-

47 1979 229 2026 ligentiam
259 1978 360 2013 istius
388 1979 500 2014 literae
528 1981 581 2013 est
608 1979 806 2023 sciendum,
827 1979 924 2024 quod
944 1979 1033 2014 sicut
1063 1979 1219 2015 liabetur

49 2049 93 2073 ex
121 2039 275 2084 Joscplio
303 2042 337 2074 et
364 2039 440 2073 aliis
470 2038 592 2072 multis
618 2038 809 2073 autoribus
838 2042 1002 2084 tempore
1030 2039 1122 2074 illius
1149 2039 1219 2074 du—

51 2099 199 2134 rissimae
212 2094 247 2142 (⁵³31
262 2098 467 2142 obsidionis,
485 2108 555 2142 qua
576 2098 675 2132 Titus
691 2098 930 2143 Vespasianus
951 2099 1139 2144 premebat
1159 2099 1218 2134 Je-

111 2207 136 2235 Γ)
154 2207 183 2230 Ε.
202 2207 317 2230 terrenis.

112 2245 137 2274 (¹)
157 2247 207 2273 117,
227 2245 306 2273 mille,
321 2248 346 2268 et
363 2246 386 2268 in
405 2252 455 2269 uno
474 2245 590 2269 convivio
607 2245 669 2269 illud
689 2246 756 2276 quod
775 2246 904 2270 sufficeret
922 2247 946 2270 in
965 2247 1048 2275 mill(·;
1067 2247 1126 2276 quid
1141 2247 1216 2271 ultra.

112 2282 136 2311 (¹)
156 2282 184 2306 1⁴3.
196 2289 283 2313 equos,
295 2286 384 2311 vestes,
396 2286 420 2306 et
433 2283 544 2306 ancillas.
619 2284 644 2312 (⁸)
664 2284 691 2307 E.
705 2287 729 2307 et
744 2285 896 2308 corrodunt.
967 2285 995 2313 (Β)
1014 2285 1042 2308 E.
1061 2285 1217 2308 diutissimae.
