1737 2836
463 261 602 288 CANTUS
628 262 789 288 TERTlUS.
1145 256 1214 288 373

41 335 170 369 ch’zma
187 336 284 378 [ansi
302 337 418 368 nostre
437 336 560 378 voylie,
581 346 652 370 uua
668 332 703 379 (¹)
725 334 863 370 unitate
885 335 1098 370 concordiae.
1118 335 1216 370 Bene

42 405 132 441 ergo
158 395 241 430 dicit
270 395 416 430 Boetius
444 394 478 429 in
507 395 598 430 libro
625 395 670 430 de
699 396 833 442 regulis
862 395 955 440 fidei,
978 395 1077 440 quod
1104 394 1216 430 sancti

42 454 77 489 in
104 454 161 489 illa
188 454 303 500 gloria
331 457 439 489 erunt
464 454 598 489 astricti
625 458 723 489 tanto
743 455 903 490 caritatis
922 454 1217 500 affec1u7utmi—

43 514 164 548 nimus
191 514 226 548 in
255 514 415 549 maximo
442 514 596 560 gloriam
625 525 729 549 suam
751 515 786 549 in
809 518 948 550 tantum
973 526 1052 551 esse
1078 515 1217 561 gaude-

42 574 105 619 bit,
133 585 175 609 ac
202 575 229 608 si
258 578 398 609 tantum
428 574 577 620 ipsemet
605 574 794 610 obtineret.
823 575 915 616 Quid
946 575 1105 609 mirum?
1132 585 1217 610 cun]

43 633 141 669 Deus
168 644 313 669 summa
340 634 481 679 caritas,
509 644 652 669 summa
673 634 845 680 sapientia
868 634 902 669 in
922 634 1005 680 ipsis
1024 635 1080 679 sit,
1100 639 1134 669 ct
1154 634 1218 680 ipsi

44 692 79 728 in
106 693 191 728 Deo.
221 694 258 728 ln
287 694 362 740 ipso
389 694 564 739 siquidem
596 704 709 740 regno
738 694 922 729 habebunt
952 695 1067 730 Deum
1100 695 1217 740 ipsum

44 753 250 799 praemium,
267 764 376 798 quem
398 757 574 799 perpetuo
595 754 683 789 facie
702 754 746 789 ad
767 754 894 789 faciem
915 754 1219 800 contemplulmn-

45 818 123 859 tur3
139 818 174 849 et
189 824 272 859 quae
292 824 388 849 nunc
407 824 471 859 per
491 814 678 859 speculum
701 814 735 848 in
757 814 952 860 aenigmate
972 814 1219 860 imaginantur

44 874 164 909 divina
190 877 343 918 secreta⁷
366 878 452 909 tunc
480 874 701 919 plenitudine
720 874 878 909 scientia}
897 874 1217 919 comprehendent.

45 934 86 969 Et
113 934 293 969 concludit
322 934 488 969 Boetius:
516 934 740 969 Erubescant
768 934 877 980 igitur
905 934 1129 969 Machomitae
1158 933 1219 978 qui

45 994 280 1029 mulierculas
308 997 341 1029 et
372 994 451 1028 miri
474 994 612 1039 saporis
631 1004 760 1029 carues
783 993 928 1028 delicias
952 993 1118 1028 bestiales
1147 996 1220 1028 ter-

47 1064 152 1089 renas
180 1064 252 1088 non
279 1054 457 1096 coelestes,
477 1053 639 1098 corporis
662 1064 733 1088 non
756 1053 888 1087 animae
912 1053 1219 1088 resurrectionem

46 1109 382 1158 promittuut—S}
418 1114 486 1147 elie.
523 1113 586 1148 llic
618 1112 793 1148 Picliarda
828 1112 924 1147 addit
956 1113 1000 1147 ad
1036 1113 1219 1158 praedicta,

46 1173 142 1218 quod
170 1173 235 1208 ista
263 1183 415 1208 concors
443 1176 478 1208 et
506 1173 606 1208 unita
636 1173 801 1208 voluntas
822 1184 893 1208 non
912 1174 1029 1208 solum
1055 1176 1107 1208 est
1127 1173 1220 1208 inter

46 1243 107 1269 eos
135 1233 169 1268 iu
196 1234 253 1268 illa
282 1244 387 1279 spera
415 1233 573 1269 inferiori
603 1233 709 1277 lunae,
738 1234 798 1269 sed
827 1234 936 1269 etiam
965 1233 1058 1268 inter
1093 1243 1220 1268 omnes

46 1304 110 1340 per
137 1304 261 1339 speras
287 1293 505 1339 superiores.
534 1294 634 1329 Unde
661 1294 763 1329 dicit:
797 1290 832 1329 Si
858 1295 916 1328 elce
947 1304 1041 1328 come
1066 1295 1125 1328 noi
1149 1303 1220 1328 sem

45 1356 82 1389 cli
106 1355 217 1397 soylia
244 1355 279 1388 in
304 1355 429 1397 suffla,
456 1353 555 1397 idest,
575 1353 620 1388 de
638 1353 753 1399 gradu
776 1353 809 1387 in
833 1353 1003 1400 gradum,
1018 1364 1084 1398 per
1103 1356 1218 1397 questo

44 1425 167 1458 regno,
195 1413 295 1457 idest,
325 1423 388 1458 per
415 1423 543 1448 omnes
566 1423 689 1458 speras
712 1413 903 1457 coelorum,
920 1415 1020 1458 piace
1047 1424 1067 1447 α
1096 1417 1177 1448 lullo
1198 1413 1222 1447 il

45 1484 168 1517 Teano,
197 1473 295 1516 idest,
324 1472 493 1507 omnibus
521 1473 711 1519 regnicolis
739 1473 863 1517 beatis,
890 1484 984 1507 come
1010 1474 1047 1507 al
1072 1484 1124 1516 re,
1151 1473 1221 1507 sci-

47 1534 138 1577 licet⁷
166 1536 316 1576 aeterno,
344 1534 447 1567 elze’n
474 1544 537 1567 suo
567 1534 659 1567 colel·
686 1544 728 1567 ηε
746 1534 912 1577 '‘nvoylt'a,
933 1533 1033 1577 idest,
1057 1533 1221 1569 accendit

47 1604 111 1628 nos
138 1596 173 1628 et
199 1592 337 1627 animat
365 1592 399 1627 in
427 1603 530 1627 suam
560 1593 798 1628 voluntatem.
826 1594 868 1628 Et
895 1593 1096 1629 concludit:
1124 1595 1158 1627 in
1187 1595 1222 1628 la

46 1664 110 1688 sua
129 1655 300 1688 volzmlale
326 1651 345 1688 e*
369 1656 491 1687 nostra
508 1664 610 1697 pace,
631 1653 731 1697 idest,
751 1653 925 1698 quietatio
945 1657 980 1689 et
999 1654 1222 1689 contentatio

46 1712 175 1748 animi:
203 1723 307 1748 amor
335 1712 431 1748 enim
460 1716 598 1757 quanto
633 1716 685 1748 est
717 1713 869 1748 diffusus
898 1713 932 1748 in
960 1714 1093 1759 plures,
1122 1717 1222 1749 tanto

48 1777 101 1809 est
129 1773 244 1808 maior
271 1776 307 1808 et
340 1773 544 1818 perfectior,
574 1773 657 1818 quia
693 1773 740 1808 illi
777 1774 899 1819 plures
934 1774 1144 1809 referuntur
1177 1773 1222 1808 ad

48 1844 177 1877 unum,
204 1832 338 1867 scilicet
364 1832 499 1876 Deum3
529 1832 624 1868 unde
650 1833 750 1868 dicit:
784 1835 862 1877 ella,
889 1833 1023 1869 scilicet
1055 1834 1223 1869 voluntas

48 1893 179 1936 divina,
208 1890 227 1927 e*
251 1894 328 1936 quel
360 1903 468 1936 mare,
500 1892 643 1937 scilicet,
673 1904 861 1939 magnum,
897 1895 935 1928 al
965 1895 1048 1938 qual
1081 1898 1162 1928 tullo
1193 1895 1224 1928 si

49 1963 170 1987 muoz-e
187 1948 239 1986 cic)
257 1953 381 1986 elfelm
401 1953 488 1995 erla,
511 1962 555 1986 ex
578 1952 686 1987 nihilo
706 1953 798 1987 sicut
817 1953 937 1999 angeli
956 1956 991 1988 et
1009 1953 1141 1987 animae
1164 1963 1222 1988 ra-

50 2013 210 2057 tionales,
238 2023 255 2046 e
280 2013 338 2047 clm
368 2015 497 2046 natura
527 2014 617 2056 sace,
647 2012 745 2056 idest,
774 2013 941 2057 producit
974 2023 1038 2058 per
1065 2023 1223 2059 genera-

50 2073 195 2117 tionem.
225 2072 267 2107 Et
295 2072 350 2107 hic
377 2076 460 2107 nota
490 2075 668 2117 quantum
703 2072 898 2107 similitudo
931 2073 1041 2108 maris
1068 2073 1112 2108 sit
1139 2084 1222 2119 pro-

49 2132 144 2178 pria:
173 2132 264 2167 sicut
292 2132 388 2167 enim
416 2142 544 2167 omnes
571 2143 677 2177 aquae
705 2133 838 2168 habent
859 2137 982 2168 ortum
1011 2144 1030 2168 a
1061 2134 1163 2179 mari,
1187 2138 1223 2170 et

51 2194 288 2227 revertuntur
315 2191 358 2226 ad
387 2191 473 2226 illud
501 2195 535 2227 et
564 2202 666 2227 mare
694 2203 764 2227 non
795 2193 995 2237 redundat3
1025 2193 1071 2229 ita
1099 2195 1221 2231 omnia

112 2320 137 2349 (¹)
156 2322 177 2347 ἃ,
196 2320 268 2348 idest,
286 2327 344 2343 una.
