1737 2836
486 241 624 267 CANTUS
650 241 844 268 SECUNDUS.
1183 235 1251 267 341

74 326 207 363 magna
234 315 318 351 navi
345 314 493 350 intravit
519 324 624 350 mare
655 325 850 361 magnum,
878 314 926 350 ita
953 314 1088 350 Dautes
1110 313 1254 360 primus

73 379 180 423 poeta
208 386 294 411 cum
323 386 458 423 magno
481 374 628 421 ingenio
647 374 795 410 intravit
818 385 921 410 mare
941 385 1131 421 magnum,
1151 374 1254 419 idest,

73 438 184 472 altam
212 436 406 472 materiam
433 435 606 482 paradisi:
637 435 745 470 Jason
763 435 955 480 aequisivit
975 445 1153 481 magnum
1175 434 1255 469 the-

73 508 239 543 saurum,
267 501 302 533 et
329 497 463 533 Dantes
491 506 680 532 summurn
714 495 871 530 bonum:
901 496 1010 530 Jason
1037 494 1255 541 gloriosissi—

74 568 157 593 mus
184 558 251 592 suit
277 560 355 604 post
383 556 590 601 Herculem,
610 555 684 590 imo
711 555 908 591 Herculem
937 555 1041 590 duxit
1068 565 1195 590 secum
1219 554 1255 589 in

75 629 208 665 magna
240 618 323 654 navi
363 621 399 653 et
432 617 619 663 Orpheum
656 619 802 662 poetam
840 619 875 651 et
909 615 998 651 alios
1033 615 1184 660 nobiles,
1219 618 1255 650 et

75 678 313 724 triumphavit
332 677 378 713 de
396 677 566 722 dracone,
583 676 701 712 bobus
717 675 950 712 vomentibus
972 675 1107 722 ignem,
1124 679 1160 710 et
1180 678 1255 710 ter—

74 738 209 786 rigenis
236 738 299 784 qui
326 738 421 773 inter
448 748 487 773 se
514 737 681 772 fecerunt
707 736 811 772 civile
838 736 975 772 bellum
1004 746 1043 771 se
1070 735 1255 781 perimen-

74 803 128 835 tes
164 802 295 834 mutuo
328 808 446 844 usque
479 797 525 833 ad
553 808 693 842 unum,
722 800 758 832 et
793 797 841 832 ita
876 797 1010 832 Dantes
1038 795 1254 843 gloriosissi-

74 870 157 895 mus
190 863 296 905 poeta
325 862 405 904 post
432 858 634 905 Virgilium,
668 857 742 893 imo
765 857 957 903 Virgilium
985 856 1095 892 traxit
1126 866 1254 892 secum

74 920 110 956 in
130 930 196 955 sua
221 919 303 955 navi
329 923 364 955 et
392 918 547 954 Statium
568 922 604 953 et
622 918 712 953 alios
731 917 869 953 nobiles
887 921 1047 962 autores,
1068 919 1103 952 et
1123 916 1255 951 trium-

73 980 197 1027 phavit
224 980 269 1016 de
295 980 464 1024 dracone,
492 979 594 1023 idest,
627 978 806 1023 daemone,
835 981 870 1013 et
904 978 1034 1022 bobus,
1062 977 1163 1022 idest,
1191 987 1255 1012 vo-

74 1041 272 1087 luptatibus
299 1039 548 1076 emittentibus
584 1039 749 1074 flammas
776 1042 810 1074 et
839 1038 1020 1074 incentiva
1049 1037 1250 1083 libidinum,

74 1105 110 1138 et
144 1101 363 1148 gigantibus,
391 1100 482 1135 idest
513 1099 617 1144 vitiis,
645 1109 729 1144 quae
761 1104 963 1135 nascuntur
996 1108 1041 1134 ex
1078 1102 1189 1143 terra,
1217 1101 1253 1133 et

74 1162 168 1198 inter
196 1172 235 1197 se
261 1161 397 1196 habeut
416 1160 615 1195 fraternam
635 1156 670 1203 (¹)
689 1159 906 1194 discordiam
926 1162 961 1194 et
981 1158 1197 1205 impugnant
1216 1168 1255 1193 se

73 1222 200 1258 simul:
220 1221 328 1256 Jason
356 1220 456 1266 prius
481 1219 665 1266 navigavit
685 1219 779 1255 inter
798 1229 892 1254 vana
916 1218 1054 1263 mundi,
1075 1218 1253 1253 transiens

74 1293 138 1329 per
165 1281 310 1317 Troiam
340 1287 477 1318 terram
506 1280 775 1325 voluptuosam,
795 1282 829 1314 et
849 1278 1030 1324 decipiens
1058 1279 1253 1323 mulieres;

74 1343 136 1379 sed
172 1345 296 1388 postea
325 1341 451 1387 pulsus
479 1350 524 1375 ex
552 1339 667 1386 patria
696 1340 812 1374 sactus
845 1341 898 1374 est
933 1338 1137 1385 gloriosior,
1165 1349 1250 1373 nam

75 1402 203 1439 redivit
229 1402 265 1437 in
292 1401 455 1446 Colchos,
483 1400 546 1436 ubi
574 1399 782 1436 emendavit
810 1409 976 1435 errorem
1004 1410 1135 1444 suumg
1164 1410 1249 1435 nam

76 1461 232 1499 restituit
259 1471 428 1497 socerum
458 1461 493 1496 in
520 1470 690 1507 regnum,
720 1459 816 1495 unde
848 1463 973 1505 postea
1005 1459 1140 1495 decreti
1169 1463 1254 1495 sunt

74 1523 139 1558 sibi
170 1522 280 1558 divini
315 1522 487 1566 honores,
521 1524 557 1556 et
593 1521 640 1556 ob
674 1520 862 1567 egregiam
895 1520 1070 1555 virtutem
1104 1519 1252 1565 reperiit

74 1583 244 1618 invidiam
272 1585 351 1628 post
382 1585 560 1626 1nortem3
590 1581 637 1616 ita
670 1584 770 1616 recte
804 1581 938 1616 Dantes
973 1580 1035 1615 diu
1069 1580 1254 1627 navigavit

74 1643 168 1679 inter
187 1653 280 1678 vana
300 1642 427 1677 mundi
447 1642 626 1677 transiens
644 1651 710 1687 per
732 1641 987 1687 voluptuosam
1012 1644 1150 1676 terram
1172 1641 1254 1676 Flo-

74 1702 212 1747 rentiae,
241 1705 276 1738 et
302 1701 499 1747 aliquando
527 1701 652 1737 fallens
680 1701 865 1746 mulieres,
894 1701 987 1736 sicut
1015 1701 1090 1746 ipse
1115 1701 1255 1737 notavit

74 1762 233 1808 quodam
254 1762 411 1808 capitulo
431 1761 582 1806 Inferni,
602 1761 752 1797 demum
773 1761 859 1797 exul
887 1771 907 1796 a
935 1761 1054 1806 patria
1076 1761 1252 1797 emenda-

76 1824 125 1860 vit
143 1823 254 1858 vitam
276 1825 502 1868 corruptam,
522 1825 557 1857 et
578 1821 660 1857 fecit
683 1832 829 1857 sacrum
851 1832 995 1868 poema,
1016 1821 1113 1857 unde
1137 1821 1254 1857 factus

75 1887 130 1920 est
155 1883 298 1918 divinus
325 1885 361 1917 et
387 1882 524 1917 invenit
550 1882 733 1917 invidiam.

149 1946 200 1978 La
227 1947 423 1978 concrema.
452 1943 521 1978 Ista
540 1946 594 1978 est
615 1942 776 1978 secunda
802 1953 886 1988 pars
908 1943 1101 1989 generalis,
1125 1943 1160 1978 in
1180 1954 1254 1988 qua

75 2007 181 2050 poeta
200 2004 334 2039 Dantes
361 2003 532 2039 describit
553 2013 663 2037 suum
686 2012 881 2038 ascensum
901 2002 945 2037 ad
965 2013 1109 2048 speram
1135 2003 1252 2049 lunae3

75 2068 112 2100 et
137 2064 256 2109 primo
285 2063 414 2109 repetit
441 2062 527 2109 quid
555 2062 735 2107 trahebat,
758 2065 794 2097 et
813 2062 998 2107 quomodo
1026 2063 1254 2109 trahebatur,

75 2127 112 2160 et
137 2123 406 2170 dispositionem
430 2123 485 2158 sui
513 2126 547 2158 et
574 2122 757 2158 Beatricis.
778 2122 868 2158 Dicit
887 2133 996 2169 ergo:
1016 2125 1067 2157 La
1084 2127 1151 2158 sele
1169 2135 1254 2159 con-

74 2187 207 2227 creata,
235 2183 334 2229 idest,
363 2183 531 2219 attractio
566 2183 699 2228 innata,
720 2182 855 2218 scilicet
881 2183 972 2218 ordo
999 2184 1187 2230 naturalis,
1207 2184 1252 2221 de

137 2312 163 2343 (¹)
180 2313 210 2336 E.
229 2312 338 2336 ferinam
356 2313 519 2336 discordiam.
