1737 2836
362 266 502 293 CANTcs
529 268 719 293 wGEsmcs
745 267 908 298 Qt‘lNTus.
1149 260 1186 291 11
1197 260 1216 290 ὃ

50 338 181 374 ardere
207 338 343 374 rubore
362 335 409 384 (¹),
429 339 552 374 audito
575 339 687 374 verbo
714 338 844 373 Mariae.
871 338 937 373 Alii
965 341 1087 374 tamen
1113 337 1218 372 aliter

51 401 237 444 exponunt
264 398 367 433 istam
388 398 542 443 literam,
563 402 598 433 et
620 398 742 433 dicunt
766 398 863 443 qnod
890 398 937 432 illi
965 397 1110 443 spiritus
1131 407 1218 432 can-

52 458 176 494 tabant
201 458 291 494 alte:
320 469 389 493 non
416 468 586 501 cognosco
614 459 738 501 virum,
767 457 867 502 idest,
895 457 1004 492 istum
1032 457 1215 492 hominem

53 517 190 563 vivum,
210 518 343 553 scilicet
362 518 514 552 Dantem
534 517 595 562 qui
620 517 751 552 incedit
778 517 932 552 intactus
959 517 1005 552 ab
1032 517 1133 563 igne3
1156 516 1219 552 sed

53 577 152 624 prior
179 578 353 624 expositio
385 577 506 612 sanior
533 580 597 613 est.
631 577 673 611 Et
703 576 806 611 dicit:
835 577 918 618 indi,
947 576 1046 620 idest7
1079 576 1219 621 deinde,

53 639 325 673 ricominciavan
356 639 487 681 l'inno,
526 637 670 681 scilicet,
699 646 841 670 summm
881 638 973 670 Deus
1012 637 1220 680 dementire,-

53 697 158 741 bassz',
187 697 274 733 idest
309 698 412 733 bassa
441 707 540 742 voce,
569 697 616 732 ita
647 695 745 741 quod
777 695 971 730 cantabant
998 695 1116 740 primo
1153 696 1221 742 hy-

54 767 181 792 mnum
196 757 311 801 basse,
326 757 454 793 deinde
473 767 685 803 responsum
697 752 732 800 (²)
749 755 869 791 Mariae
887 755 931 790 ad
950 755 1121 801 angelum
1137 755 1219 790 alte.

53 818 271 852 —Finz'colo
301 817 363 852 Hic
390 820 494 862 poeta
522 816 621 862 ponit
647 815 744 851 aliud
771 815 906 850 dictum
941 815 1086 850 illorum
1119 814 1222 860 spiri-

53 879 159 911 tuum
186 876 221 911 in
249 876 553 922 vituperationem
582 875 738 911 luxuriae
757 885 839 920 quae
859 878 1003 920 separat
1027 874 1219 910 mulierem

53 946 74 971 a
102 936 282 971 consortio
308 936 463 972 aliarum
492 936 719 982 pudicarum.
740 935 791 969 Ad
813 934 1093 970 declarationem
1114 934 1221 969 huius

54 995 167 1031 literae
194 999 246 1030 est
273 995 485 1031 brevissime
513 995 711 1039 sciendum,
740 994 836 1039 quod
869 994 961 1029 sicut
991 993 1112 1029 scribit
1138 994 1223 1029 Ovi—

53 1054 134 1089 dius
160 1055 188 1089 ΙΙ
215 1055 369 1100 Maioris,
401 1055 540 1101 Jupiter
574 1065 637 1100 per
672 1054 837 1089 fraudem
873 1057 908 1088 et
940 1053 1012 1088 vim
1045 1053 1223 1099 stupravit

54 1114 270 1150 Calistonem
300 1115 477 1161 virginem
505 1114 550 1150 de
570 1113 720 1149 Arcadia
748 1113 887 1148 solitam
916 1113 970 1148 ire
997 1113 1032 1147 in
1060 1113 1223 1148 venatio-

57 1185 139 1210 nem
156 1185 239 1210 cum
257 1175 333 1210 aliis
353 1175 552 1221 virginibus
572 1175 714 1218 Dianae3
734 1184 828 1218 quae,
848 1173 985 1219 perdita
1004 1173 1221 1219 virginitate7

55 1244 127 1269 non
153 1234 312 1270 audebat
335 1234 627 1280 appropinquare
663 1234 795 1277 Dianae,
830 1243 901 1268 non
928 1233 1050 1267 levare
1086 1233 1222 1277 oculos,

55 1304 127 1329 non
146 1294 255 1338 loqui.
276 1294 366 1329 Cum
386 1298 510 1329 antem
539 1293 651 1329 semel
678 1294 752 1328 Dea
772 1293 863 1328 sessa
884 1292 1076 1327 venatione
1095 1295 1131 1328 et
1152 1302 1223 1327 cae-

55 1356 143 1388 terae
175 1353 332 1399 virgines
365 1353 399 1388 in
433 1353 536 1387 viridi
571 1362 722 1387 nemore
758 1352 903 1387 nudatae
935 1352 1147 1387 lavarentur
1178 1351 1223 1386 ad

55 1412 189 1448 fontem
222 1412 267 1447 ad
304 1412 593 1458 refrigerandum
626 1412 799 1455 calorem,
832 1411 962 1446 Calisto
994 1411 1137 1456 cognita
1171 1414 1224 1446 est

56 1482 134 1507 esse
160 1475 332 1517 corrupta
360 1471 395 1506 in
424 1475 529 1506 utero
557 1471 689 1506 inflato.
719 1471 767 1505 Ex
802 1481 876 1516 quo
903 1470 1015 1505 Diana
1043 1470 1224 1516 indignata

56 1532 208 1577 turpiter
235 1531 371 1576 expulit
398 1531 494 1566 illam
516 1541 560 1566 ne
583 1531 726 1566 vitiaret
753 1541 888 1576 purum
918 1530 1066 1574 sontem,
1088 1533 1123 1564 et
1146 1540 1224 1565 ma-

57 1592 195 1626 cularet
223 1592 376 1627 chorum
406 1601 596 1625 sacrarum
618 1590 822 1636 virginum:
846 1600 928 1634 quae
952 1593 1073 1634 postea
1094 1589 1225 1624 dicitur

59 1654 196 1686 mutata
225 1651 259 1685 in
287 1661 412 1686 ursam
441 1650 494 1685 ira
521 1649 670 1685 Junonis
687 1645 734 1693 θ’),
755 1659 837 1695 quae
857 1660 951 1684 uxor
979 1648 1075 1684 ,lovis
1102 1658 1227 1694 perse-

58 1711 240 1756 quebatur
273 1710 435 1756 pellicem
470 1709 600 1744 mariti.
636 1709 704 1744 Sed
737 1709 884 1745 brevius
918 1708 1107 1743 videamus
1141 1707 1226 1752 quid

60 1770 168 1805 lateat
194 1770 261 1804 sub
287 1769 421 1804 cortice
449 1769 599 1804 sabulae:
623 1769 761 1814 Jupiter
785 1768 977 1814 figurative
999 1771 1052 1803 est
1072 1778 1227 1813 maguus

59 1828 212 1873 adulter,
240 1829 332 1863 sicut
363 1828 428 1863 fuit
455 1828 499 1863 de
527 1828 577 1863 rei
607 1828 771 1872 veritate,
799 1827 861 1873 qui
888 1827 923 1862 vi
950 1830 984 1862 et
1012 1827 1138 1862 fraude
1164 1827 1228 1862 de-

61 1888 163 1923 florat
190 1887 379 1934 virginem,
414 1890 449 1922 et
483 1887 568 1922 fallit
603 1888 698 1922 illam
732 1898 861 1932 puram
882 1881 930 1931 (4),
965 1887 1164 1931 simplicem
1192 1891 1229 1921 et

62 1947 237 1992 fragilem.
259 1947 370 1981 Diana
399 1956 486 1981 vero
514 1956 597 1990 quae
623 1946 753 1981 dicitur
772 1946 838 1981 dea
861 1946 1031 1981 castitatis
1055 1948 1109 1980 est
1131 1946 1228 1990 luna,

61 2016 143 2050 quae
163 2006 347 2041 influentia
367 2016 431 2040 sua
451 2005 533 2040 facit
553 2005 721 2051 virgines,
738 2005 829 2039 sicut
848 2005 945 2039 clare
962 2005 1094 2050 patebit
1110 2005 1152 2039 ΙΙΙ
1167 2014 1228 2039 ca-

63 2066 174 2111 pitulo
201 2065 379 2110 Paradisi3
407 2076 489 2110 quac
518 2065 664 2110 tingitur
692 2075 775 2099 cum
805 2065 878 2099 suis
897 2064 1095 2110 virginibus
1121 2064 1173 2099 ire
1194 2064 1228 2099 in

121 2195 148 2223 ζ’)
166 2195 194 2218 Ε.
214 2195 319 2225 pudore,
338 2196 423 2218 audito
442 2195 519 2218 verbo
538 2194 687 2217 beatissimae
707 2195 817 2224 Virginis
835 2195 933 2219 Mariae.

122 2233 149 2261 ³¹)
167 2233 195 2256 E.
215 2240 364 2262 responsum
383 2233 568 2263 pretiosissimae
587 2233 697 2262 Virginis
715 2233 813 2256 Mai-im.

123 2271 147 2299 (¹)
166 2271 195 2294 E.
213 2271 320 2294 Junonis
337 2272 424 2294 uxoris
440 2272 517 2297 Jovis.
536 2278 592 2301 quae
611 2272 819 2301 persequebatur.

124 2312 149 2338 ζ’)
167 2309 196 2332 Ε.
216 2316 305 2338 puram
325 2310 448 2339 virginem
466 2312 491 2332 et
509 2309 635 2338 fragilem.
