1737 2836
496 244 635 269 CANTUS
661 244 805 269 SEXTUS.
1172 239 1241 270 4253

66 329 168 354 mum
197 318 265 353 sub
293 318 411 364 primo
445 327 542 363 rege,
576 317 778 353 secundum
813 317 880 352 sub
911 318 1050 353 ultimo.
1083 318 1135 353 Ad
1167 319 1243 354 evi—

65 379 223 415 dentiam
253 379 356 424 primi
385 382 438 414 est
466 378 583 424 primo
610 377 800 413 sciendum
828 377 926 423 quod
954 379 1132 414 Romulus
1160 379 1243 415 fun—

64 440 147 476 data
176 440 267 475 urbe
294 440 409 474 Roma
424 435 472 483 ζ’),
504 441 539 473 et
572 438 711 473 munita
739 438 887 473 consilio
920 441 955 474 et
991 439 1128 484 militia,
1157 439 1243 485 quia

65 500 142 536 sine
170 499 385 535 mulieribus
412 509 543 544 parum
571 498 707 533 durare
730 501 883 543 poterat,
904 498 1028 543 petivit
1052 499 1243 534 matrimo—

66 561 124 596 nia
151 571 172 596 a
200 559 344 604 vicinis3
373 558 434 594 sed
463 561 612 604 negatas
639 558 673 593 vi
701 561 737 593 et
764 558 893 593 fraude
921 559 1052 604 rapuit,
1071 559 1243 595 simulato

65 620 273 667 spectaculo
300 619 345 654 ad
373 618 470 664 quod
498 618 633 654 vicinos
665 618 891 653 invitaverat.
921 618 1150 664 Quapropter
1185 629 1244 654 sa-

66 681 139 716 bini
167 684 245 725 post
271 690 399 714 omnes
426 682 607 714 venerunt
634 678 766 713 armati
786 681 912 714 contra
936 678 1103 723 Romam7
1130 682 1164 714 et
1189 679 1244 714 in-

66 740 179 788 gressi
195 740 277 775 dolo
293 739 477 774 civitatem
494 738 703 774 habuerunt
718 738 854 774 bellum
870 738 1139 774 atrocissimum
1157 749 1241 774 cum

67 800 248 844 romanis;
275 810 361 834 cum
381 802 506 834 autem
528 808 566 834 se
592 798 747 833 invicem
771 798 886 834 soceri
907 802 942 834 et
959 799 1086 845 generi
1107 799 1241 834 crude—

67 861 147 896 liter
176 859 409 903 trucidarent,
440 858 592 893 finaliter
620 858 755 893 sabinae
784 861 895 904 raptae
922 858 1016 894 inter
1045 862 1242 904 utramque

65 922 182 958 aciem
211 921 404 964 irruentes,
425 919 667 964 supplicantes
692 929 788 954 nunc
808 919 893 953 viris
912 930 1009 954 nunc
1031 919 1243 964 parentibus

68 985 106 1017 ut
133 984 319 1017 verterent
346 990 450 1015 arma
468 975 502 1023 (²)
537 979 572 1014 in
600 989 660 1014 eas
691 990 774 1024 qua}
806 979 952 1014 fuerant
983 990 1092 1014 causa
1128 979 1243 1014 malo—

67 1053 164 1086 rum,
184 1042 421 1087 placaverunt
448 1042 650 1084 utrumque
670 1039 858 1084 populum,
878 1039 941 1084 qui
963 1039 1112 1074 abiectis
1131 1039 1243 1074 armis

67 1112 194 1148 pacem
224 1101 399 1143 fecerunt,
429 1102 463 1134 et
490 1109 535 1134 ex
570 1102 728 1144 utraque
761 1102 870 1145 gente
902 1110 1018 1134 unum
1048 1099 1242 1145 populum3

67 1165 102 1198 et
129 1161 309 1196 Romulus
336 1159 480 1194 Tatium
517 1168 642 1205 regem
675 1159 888 1194 sabinorum
917 1159 1001 1194 fecit
1034 1161 1242 1194 consortem

67 1222 180 1269 regni.
201 1221 253 1256 Ad
272 1219 475 1256 secundum
504 1223 557 1254 est
584 1219 771 1254 sciendum
795 1219 906 1264 quod,
929 1219 1021 1254 sicut
1043 1219 1165 1254 scribit
1184 1219 1242 1253 Li-

66 1283 146 1318 vius
174 1282 208 1316 in
237 1282 307 1316 [ine
334 1280 451 1326 primi,
480 1274 616 1323 cum(³)
647 1280 834 1325 Superbus
861 1283 956 1315 esset
987 1280 1021 1314 in
1056 1279 1242 1315 obsidione

67 1343 193 1378 vicinae
229 1341 328 1376 urbis
365 1340 423 1375 filii
461 1340 538 1375 eius
572 1343 607 1374 et
639 1339 835 1374 Collatinus
872 1340 1166 1385 consanguineus
1206 1340 1241 1374 in

66 1402 232 1439 convivio
261 1401 353 1436 inter
381 1400 463 1435 vina
498 1400 706 1435 babuerunt
740 1410 949 1435 sermonem
977 1399 1022 1434 de
1052 1399 1240 1444 uxoribus,

66 1466 102 1499 et
137 1462 299 1507 quolibet
334 1459 616 1495 commendante
648 1470 766 1503 suam,
801 1459 998 1494 Collatinus
1029 1469 1135 1494 suam
1169 1459 1242 1494 Lu—

66 1522 217 1559 cretiam
257 1520 363 1555 altius
403 1519 609 1555 extollebat.
651 1519 773 1560 Quare
812 1519 858 1554 ad
893 1519 1097 1555 habendam
1130 1529 1242 1565 expe-

67 1583 233 1619 rientiam
261 1580 417 1626 acceptis
445 1579 548 1624 cquis
576 1583 755 1615 venerunt
787 1579 956 1615 celeriter
988 1580 1144 1614 Romam
1178 1579 1241 1614 ubi

67 1645 285 1679 invenerunt
314 1651 430 1676 nurus
458 1640 553 1686 regis
582 1640 675 1675 inter
693 1639 859 1675 convivia
887 1643 923 1675 et
950 1640 1053 1675 ludos
1081 1650 1166 1675 cum
1195 1639 1242 1674 si—

68 1704 231 1739 milibus:
260 1701 389 1737 deinde
408 1703 536 1736 euntes
562 1699 607 1735 ad
628 1703 764 1735 terram
784 1700 949 1735 Collatini
968 1694 1002 1744 (³)
1023 1700 1242 1735 invenerunt

67 1763 272 1799 Lucretiam
310 1762 403 1796 inter
439 1760 586 1795 ancillas
624 1759 814 1806 vigilanter
839 1755 874 1803 ’(5)
908 1760 1160 1805 laborantem
1195 1771 1239 1795 ex

67 1835 140 1869 quo
167 1823 245 1858 laus
272 1820 510 1857 contentionis
537 1820 620 1855 data
647 1823 700 1855 est
727 1820 802 1855 sibi.
832 1820 965 1856 Sextus
997 1820 1116 1856 minor
1148 1821 1242 1856 filius

68 1882 252 1928 Tarquinii
267 1880 440 1916 continuo
456 1880 702 1914 inflammatus
717 1890 846 1915 amore
860 1880 1038 1915 Lucretia}
1055 1875 1239 1923 rationetssl

68 1941 316 1989 pulcritudinis
332 1945 366 1976 et
382 1939 578 1975 honestatis
593 1943 672 1984 post
690 1939 828 1984 aliquot
847 1939 923 1975 dies
942 1950 1026 1974 curn
1048 1940 1124 1974 solo
1142 1940 1241 1975 socio

68 2002 255 2039 Collatiam
280 2000 400 2044 rediit3
425 1999 469 2034 ibi
487 1994 521 2042 fl
550 1999 707 2045 benigne
730 2002 898 2044 receptus
920 2010 941 2033 a
961 1999 1128 2034 Lucretia
1155 2010 1240 2035 cum

129 2118 155 2145 (¹)
173 2117 202 2140 E.
218 2123 333 2139 romana.
678 2113 704 2142 (⁷)
725 2114 751 2137 E.
770 2121 841 2137 arma
860 2114 944 2143 potius
962 2114 985 2137 in
1004 2120 1053 2137 eas.

129 2154 155 2184 (³)
175 2156 202 2178 1³„
221 2163 280 2178 cum
299 2155 455 2184 Tarquinius
472 2153 607 2183 superbus.
678 2152 704 2181 (⁶)
724 2153 752 2175 E.
770 2152 912 2176 Collatiam.
977 2153 1002 2181 (θ’)
1020 2153 1050 2176 Ε.
1068 2152 1210 2183 vigilantes.

129 2194 155 2223 (θ)
176 2194 203 2216 13.
223 2196 273 2216 laun
293 2194 390 2216 ratione
408 2192 587 2222 pulcritudinis
605 2198 681 2221 quani
700 2191 846 2214 honestatis.

148 2234 154 2261 l

129 2233 145 2261 (⁷
174 2233 203 2255 Ε.
221 2233 264 2255 ubi
283 2232 390 2259 benigne
409 2234 528 2260 receptus
545 2230 576 2252 ab
593 2230 682 2253 cadem
702 2230 821 2253 Lurrelia
840 2229 982 2253 honorifice
994 2232 1019 2253 ot
1032 2230 1167 2253 decenter:
1185 2233 1239 2260 post

67 2272 134 2294 diem
152 2271 302 2293 adveniente
320 2273 394 2293 nocte
411 2271 498 2299 sopitis
511 2270 564 2299 jani
583 2269 702 2292 omnibus
715 2269 806 2291 :ualens
824 2275 912 2292 amore
930 2269 1033 2291 intravit
1052 2268 1082 2291 ad
1094 2268 1241 2292 Lucretiam

68 2309 147 2338 ipsam
165 2309 335 2332 dormientem
353 2311 378 2332 et
397 2315 456 2331 culn
474 2307 558 2338 gladio
576 2308 600 2330 in
618 2314 697 2330 manu
715 2307 844 2330 blanditur
861 2313 935 2330 eam:
953 2309 979 2330 et
996 2307 1116 2330 breviter.
