1766 2856
512 229 581 261 232
875 232 1077 258 coMENTUM
1105 232 1321 257 PURGATonu

510 308 567 343 vel
594 306 733 350 evadat,
762 316 819 339 ma
846 308 916 339 rete
941 306 971 338 si
995 305 1115 349 spieya
1142 305 1309 348 inclamo,
1335 303 1379 339 ad
1407 304 1634 350 capiendum,
1662 315 1683 339 o

508 370 539 403 st
563 371 685 409 saeua,
711 366 756 401 ad
784 364 1087 409 interficiendum,
1115 366 1261 399 dinanzi
1287 366 1384 408 dagli?
1410 366 1503 399 occln'
1528 366 1578 400 cle*
1597 375 1684 409 pen-

510 430 594 469 nati,
622 427 721 470 idest,
750 435 970 471 magnarum
999 425 1135 460 avium.
1156 425 1198 459 Et
1216 424 1272 460 hic
1301 428 1385 460 nota
1413 424 1511 469 quod
1537 424 1680 460 Beatrix

511 487 578 522 sub
597 485 829 521 similitudine
847 484 923 520 avis
943 484 1137 530 respondet
1156 484 1345 530 quaestioni
1368 484 1495 529 tacitae,
1512 494 1558 520 ne
1576 487 1683 530 poeta

511 551 629 593 posset
655 547 777 582 dicere
803 545 847 580 ad
875 544 1148 580 excusationem
1177 555 1299 580 suam:
1329 555 1398 591 ego
1432 555 1534 580 eram
1567 555 1683 590 purus

511 611 546 643 et
573 607 725 652 simplex
745 606 780 640 111
803 605 942 640 talibus.
966 605 1041 640 Hoc
1061 605 1220 640 excludit
1239 605 1326 650 ipsa,
1346 604 1430 650 quia
1448 604 1526 650 jam
1548 604 1682 639 Dantes

511 670 590 703 erat
626 665 795 711 legitimae
827 665 942 700 aetatis
985 664 1131 709 quaudo
1172 668 1319 699 mortua
1353 668 1406 699 est
1445 664 1614 708 Beatrix3
1646 666 1683 699 et

511 727 603 762 hene
630 726 802 760 assimilat
829 735 916 760 eum
944 725 1001 759 avi
1019 720 1068 768 ὼ,
1091 724 1176 769 quia
1196 730 1275 761 erat
1295 728 1400 770 aptus
1424 729 1530 760 natus
1551 724 1594 759 ad
1619 734 1683 759 vo-

511 786 659 821 landum
678 785 722 820 ad
741 785 823 829 alta,
844 785 936 819 sicut
960 787 1082 829 postea
1101 784 1279 829 apparuit.
1297 804 1343 809 —
1362 786 1472 826 Quali.
1493 785 1557 819 Hic
1576 789 1682 830 poeta

510 846 609 891 ponit
635 845 805 880 effectum
836 844 936 878 istius
963 844 1302 890 argumentationis,
1323 844 1407 889 quia
1426 844 1560 879 scilicet
1580 854 1684 880 reee-

511 906 558 951 pit
588 904 846 940 verecundiam
876 915 1046 951 magnam
1076 904 1278 940 secundum
1304 905 1401 949 quod
1421 904 1486 940 sibi
1506 905 1685 950 promise-

512 968 567 1000 rat
586 964 744 1009 Beatrix,
760 974 824 1010 per
841 975 952 999 unam
968 965 1281 1010 comparationem
1297 965 1463 1010 pulcram
1479 969 1515 1001 et
1533 965 1682 1009 claram,

510 1025 650 1060 dicens:
686 1026 748 1058 Tczl
773 1027 819 1059 mt'
843 1026 929 1060 staff
945 1026 990 1069 io,
1013 1025 1160 1069 scilicet,
1181 1028 1306 1059 mutus
1325 1035 1411 1060 cum
1431 1025 1684 1061 erubescentia

512 1085 705 1131 respiciens
734 1090 883 1130 terram,
912 1087 1006 1129 quali
1041 1087 1052 1119 e?
1075 1087 1233 1130 fanciulli
1261 1087 1419 1120 slamzose'
1449 1087 1534 1121 muti
1558 1096 1684 1130 vet-90-

510 1147 666 1190 yncmdo,
694 1146 739 1181 de
766 1146 849 1181 sallo
882 1156 960 1190 suo,
988 1157 1052 1180 con
1082 1147 1131 1189 qli
1161 1147 1255 1180 000111·
1284 1156 1307 1180 α
1339 1150 1435 1180 [erra
1466 1148 1684 1191 ascolcanclo,

512 1207 774 1252 increpantem,
801 1217 818 1240 e
844 1207 1118 1249 ricoynoscemlo
1144 1204 1191 1250 sc),
1226 1206 1327 1251 idest,
1360 1216 1526 1242 errorem
1560 1217 1683 1251 suum,

512 1277 529 1301 e
554 1268 726 1311 reponenti,
756 1266 858 1311 idest,
886 1265 1136 1311 poeuitentiam
1168 1269 1318 1311 agentes
1349 1266 1394 1301 de
1427 1275 1555 1301 errore
1582 1276 1685 1302 com-

513 1327 622 1361 misso
649 1336 733 1361 cum
762 1326 901 1372 pudore
928 1330 964 1361 et
990 1326 1125 1361 dolore.
1146 1326 1188 1360 Et
1208 1326 1328 1361 subdit
1350 1330 1455 1372 poeta
1475 1326 1572 1371 quod
1591 1327 1684 1362 Bea-

512 1386 581 1421 trix
610 1396 655 1421 ex
684 1386 751 1421 lioc
779 1386 991 1432 provocavit
1018 1396 1103 1421 eum
1137 1385 1182 1421 ad
1215 1386 1331 1421 multo
1368 1386 1545 1421 maiorem
1578 1396 1685 1422 vere-

512 1446 695 1490 cundiam,
715 1446 801 1490 quia
820 1445 944 1481 videns
972 1445 1090 1491 ipsum
1117 1449 1216 1481 stare
1243 1457 1327 1481 cum
1356 1446 1472 1481 oculis
1498 1446 1624 1482 defixis
1651 1447 1686 1481 111

513 1511 649 1542 terram
679 1506 864 1541 mandavit
899 1510 938 1540 ut
974 1506 1112 1542 levaret
1147 1506 1275 1542 faciem
1310 1510 1345 1542 et
1377 1507 1574 1552 respiceret
1604 1517 1687 1543 eam

512 1571 553 1602 ut
576 1566 691 1612 magis
718 1565 1015 1601 confunderetur.
1042 1566 1129 1601 Dicit.
1151 1577 1259 1612 ergo:
1279 1571 1311 1601 et
1330 1569 1408 1611 ella,
1431 1567 1576 1612 scilicet,
1595 1567 1688 1603 Bea-

512 1627 595 1670 trix,
624 1626 748 1660 volens
775 1625 910 1660 addere
943 1626 1176 1661 afflictionem
1209 1626 1353 1671 afflicto,
1388 1629 1496 1662 disse.-
1529 1628 1683 1672 quando,

513 1696 578 1732 pro
610 1686 695 1731 quia
730 1685 785 1720 vel
819 1688 1022 1730 postquam,
1049 1687 1094 1719 se’
1110 1687 1242 1720 dolente
1267 1697 1331 1729 per
1364 1688 1475 1731 adire,
1510 1687 1611 1732 idest,
1638 1698 1685 1723 ex

512 1746 588 1781 solo
615 1745 741 1780 auditu
770 1745 970 1780 verborum
997 1755 1179 1789 meorum,
1201 1747 1285 1780 alsa
1304 1747 1339 1780 la
1361 1746 1486 1790 barba,
1505 1747 1609 1792 quasi
1630 1747 1685 1782 di-

513 1810 589 1841 cat:
618 1806 698 1840 leva
727 1805 869 1840 vultum
899 1808 934 1840 et
963 1805 1043 1840 vide
1071 1805 1354 1850 pulcritudinem
1384 1816 1516 1851 meam,
1536 1818 1554 1841 e
1577 1817 1685 1852 pren-

513 1867 614 1901 derat
633 1863 695 1910 ρι’ἲι
714 1867 845 1909 doylt'a,
867 1865 967 1909 idest,
992 1865 1169 1900 maiorem
1193 1865 1357 1901 dolorem
1380 1867 1473 1901 ultra
1494 1867 1684 1913 pudorem,

512 1927 771 1969 rzyuardcmdo,
792 1925 876 1970 quia
905 1929 991 1960 tunc
1017 1936 1214 1971 cognosces
1234 1926 1495 1971 turpitudinem
1515 1927 1684 1962 aliarum.

512 2005 560 2011 —
578 1988 648 2020 Con
677 1996 763 2020 men.
791 1985 855 2021 Hic
882 1989 987 2031 poeta
1015 1985 1168 2021 ostendit
1196 1986 1292 2031 quod
1311 1981 1347 2030 θ)
1379 1986 1573 2022 difficulter
1604 1996 1686 2022 ere-

515 2046 607 2081 xerit
634 2047 759 2081 oculos
787 2046 821 2081 in
850 2046 977 2081 faciem
1006 2046 1179 2082 Beat1·icis
1206 2057 1270 2091 per
1303 2056 1414 2081 unam
1443 2046 1687 2092 comparatio-

515 2116 598 2140 nem
627 2106 813 2151 pulcram3
841 2111 877 2142 et
897 2106 974 2141 vult
992 2106 1124 2151 dicere,
1145 2105 1242 2151 quod
1264 2116 1394 2152 magna
1417 2106 1527 2141 arbor
1551 2106 1688 2142 facilius

513 2165 688 2211 spoliatur
716 2165 806 2200 foliis
833 2166 918 2211 suis,
947 2177 1059 2210 quam
1088 2165 1162 2211 ipse
1193 2165 1353 2201 erexerit
1383 2166 1508 2200 oculos
1536 2165 1571 2201 111
1598 2166 1690 2202 Bea-

578 2296 604 2323 (¹)
623 2294 651 2318 E.
670 2295 717 2323 avi,
735 2294 831 2319 scilicet
850 2295 966 2323 Dantem,
985 2296 1051 2325 quia.
1180 2295 1203 2324 β)
1224 2297 1275 2323 117,
1293 2302 1370 2326 quam
1387 2294 1524 2319 dilliculler
1541 2295 1630 2319 erexit.
