1766 2856
511 219 578 251 138
872 223 1074 249 COMENTUM
1101 222 1320 248 PURGATORu

508 300 543 332 et
569 296 662 332 vado
689 295 878 340 cantando,
899 295 991 330 sicut
1018 298 1053 330 et
1080 294 1151 340 alii,
1179 293 1241 339 qui
1263 297 1490 340 purgantur:
1521 296 1684 330 Consiros

509 357 571 400 rei,
594 355 693 400 idest,
714 354 906 401 cogitando
925 354 1030 400 vado,
1058 356 1093 389 la
1114 355 1276 399 passada
1300 355 1408 399 solor,
1436 354 1526 390 idest
1552 358 1684 401 praete-

509 415 615 450 ritam
642 414 828 449 stultitiam
856 414 932 450 sive
959 413 1113 449 folliam:
1134 417 1166 449 E
1182 415 1395 457 veijazcz-ens
1413 415 1446 448 lo
1456 415 1514 458 J'oz'
1531 416 1682 459 clz’esper

507 476 636 518 denam,
664 474 765 520 idest,
789 474 893 510 video
914 474 1078 521 gaudens
1105 475 1213 520 diem,
1237 484 1348 520 quem
1368 484 1475 520 spero
1502 475 1538 510 in
1564 478 1683 520 antea,

507 535 598 570 sicut
625 534 653 569 si
676 535 753 580 Jam
788 537 881 570 esset
915 544 1040 570 coram
1073 545 1143 570 me.
1177 535 1220 570 Et
1251 534 1335 570 facit
1370 534 1594 580 petitionem,
1632 534 1685 570 di-

509 605 612 630 cens:
640 598 717 629 Ara
743 605 783 629 us
806 605 890 639 pree
910 605 977 639 per
1003 596 1140 639 aqaella
1159 596 1274 638 valor,
1293 594 1394 639 idest,
1415 605 1479 630 vos
1501 605 1632 641 precor
1650 598 1686 630 et

509 654 638 690 adiuro
674 665 738 700 per
774 654 875 689 illum
909 655 1086 700 valorem,
1121 655 1211 690 idest
1238 655 1432 690 virtutem:
1465 657 1536 698 Que
1553 656 1599 699 ja
1626 665 1686 690 vos

508 716 615 759 quida
641 716 679 749 αῖ
702 725 776 749 som
804 716 845 750 de
872 717 1060 759 l’escalina,
1080 715 1181 760 idest,
1202 715 1264 760 qui
1292 716 1394 750 valor
1422 725 1486 751 vos
1513 715 1612 751 ducit
1639 715 1684 751 ad

509 785 698 809 summum
719 774 824 809 scalae
846 775 1060 821 purgatorii,
1080 774 1115 809 in
1135 774 1240 810 cuius
1269 774 1340 810 fine
1358 785 1486 810 sumus
1505 775 1622 820 positi,
1651 778 1686 810 et

510 834 580 870 cito
608 833 825 880 pervenietis
851 834 896 869 ad
928 834 1087 879 coell11n3
1120 836 1303 870 Sozczssenlza
1342 845 1381 870 us
1420 838 1602 879 atemprar
1628 845 1687 870 ma

511 895 625 936 dolor,
666 893 766 938 idest,
801 893 923 929 veniat
961 894 1063 929 vobis
1102 894 1138 929 in
1177 898 1339 930 mentem
1371 898 1407 930 et
1443 894 1686 930 recordamini

510 954 581 989 mei
609 963 676 988 suo
704 957 880 999 tempore,
900 957 936 990 et
961 954 1096 989 doloris
1116 955 1198 1001 mei,
1220 955 1383 1002 rogando
1401 955 1519 990 Deum
1539 965 1605 1001 pro
1625 964 1685 989 me

510 1013 707 1057 modicum,
736 1013 828 1048 sicut
854 1013 979 1059 petivit
1006 1013 1123 1050 Guido
1150 1018 1235 1050 ante
1262 1025 1339 1050 me:
1364 1015 1466 1060 quasi
1486 1014 1579 1050 dicat
1600 1014 1683 1049 hre-

512 1074 623 1109 viter:
646 1073 777 1109 Dicatis
796 1073 905 1109 etiam
926 1084 1043 1109 unum
1062 1074 1175 1109 alium
1197 1077 1303 1110 Pater
1329 1079 1445 1110 noster
1468 1085 1534 1120 pro
1555 1084 1625 1119 me,
1646 1077 1687 1108 ut

511 1134 698 1169 brevietur
725 1143 833 1179 poena
861 1133 962 1168 istius
996 1134 1097 1180 iguis.
1126 1135 1168 1169 Et
1196 1135 1377 1170 concludit
1413 1137 1519 1181 poeta
1547 1137 1582 1169 et
1611 1133 1687 1168 finit

513 1194 724 1240 capitulum7
751 1193 891 1229 dicens:
920 1195 984 1228 Poz'
1009 1196 1170 1229 s’ascose
1203 1197 1259 1230 nel
1280 1197 1384 1240 fuoco
1411 1196 1468 1230 elle
1493 1196 1542 1239 ylc'
1568 1196 1687 1238 affina,

513 1255 605 1289 sicut
631 1264 768 1289 aurum
795 1254 970 1289 affinatur
998 1254 1033 1288 in
1061 1254 1219 1290 fornace.
1240 1256 1283 1290 Et
1302 1255 1446 1292 videtur
1465 1254 1562 1300 quod
1582 1257 1688 1299 poeta

514 1317 637 1350 noster
664 1314 814 1350 inseruit
841 1314 897 1349 hic
929 1314 995 1350 ista
1029 1315 1140 1350 verba
1173 1315 1405 1361 provincialia
1437 1315 1483 1350 ad
1515 1315 1686 1350 decorem

515 1374 707 1419 latinitatis,
727 1377 762 1409 et
782 1377 821 1408 ut
839 1374 1048 1410 ostenderet
1068 1385 1106 1410 se
1125 1375 1169 1410 de
1188 1375 1359 1411 omnibus
1377 1375 1512 1421 aliquid
1531 1374 1686 1409 scivisse.
