1737 2836
409 238 545 264 CANTL‘S
572 238 761 263 VIGESIML’S
788 238 930 263 PRIMUS.
1229 232 1249 264 3

80 310 135 342 tos
173 308 276 353 quasi
311 309 356 344 de
392 309 522 354 Joseph
558 309 646 353 nati,
682 319 767 344 cum
804 312 926 344 tamen
963 308 1129 344 venerint
1164 308 1250 343 olim

78 366 123 402 de
149 367 282 403 Persia.
310 367 462 410 Quando
489 377 577 403 vero
607 369 772 404 videbant
796 379 858 404 eos
884 368 1020 404 deletos
1047 378 1120 403 non
1147 378 1251 403 com-

78 427 314 463 municabant
340 438 476 463 secum.
505 427 575 463 Ista
597 438 686 474 ergo
713 429 798 473 sitis⁷
819 430 866 463 mi
883 429 1120 472 lracczyliam,
1148 428 1250 472 idest,

78 488 249 523 turbabat
276 491 312 523 et
339 487 508 533 fatigabat
530 487 617 521 mihi
647 491 818 532 mentem,
839 499 856 522 e
872 489 1062 532 pzmyeami
1080 489 1112 522 Ια
1130 490 1249 532 frena,

78 546 180 591 idest,
200 546 401 582 festinantia
429 547 638 581 stimulabat
667 557 725 582 me
752 550 792 581 ut
819 547 909 582 irem
933 548 1015 592 cito,
1030 559 1096 592 per
1123 549 1157 582 la
1185 549 1250 582 ἰηι-

75 608 235 650 paccz'ata
276 608 345 649 via,
380 609 595 651 occupatam
633 606 678 640 ab
714 606 781 641 illis
820 606 1003 651 spiritibus
1031 607 1249 652 jacentibuS‚

77 667 187 700 dielro
215 667 251 700 al
276 667 343 700 mlo
370 667 471 710 (luca,
502 666 587 710 quia
615 666 688 700 ibat
715 666 872 700 multum
908 666 1087 711 expedite,
1115 677 1132 700 e
1165 677 1249 700 con-

77 726 227 760 doleam&
255 736 277 759 α
312 727 346 760 la
376 727 489 769 yiusla
524 727 691 769 venzlecta,
723 725 823 771 idest,
851 725 1098 771 compatiebar
1133 735 1249 770 poenae

77 795 289 829 avarorum,
307 784 389 820 licet
409 785 568 819 meritae:
596 788 631 820 et
658 795 745 820 vere
772 795 879 831 poena
902 785 1054 820 istorum
1075 788 1129 820 est
1147 794 1250 819 ama-

78 844 230 888 rissima,
266 844 351 889 quia
385 847 468 878 sunt
501 844 629 889 privati
667 844 806 890 magnis
840 844 954 889 bonis,
990 844 1124 879 scilicet
1155 844 1248 888 luce,

77 903 161 949 quia
190 914 261 937 non
288 903 409 938 vident
429 903 492 937 nisi
514 907 662 948 terram,
688 907 723 939 et
750 904 915 939 libertate
941 903 1107 938 omnium
1132 913 1249 938 mem-

76 963 242 998 brorum.
283 962 325 997 Et
364 963 413 997 sic
454 963 520 997 tria
553 966 657 998 erant
691 963 859 998 vexantia
893 966 1074 1007 autorem,
1102 963 1247 1008 scilicet,

75 1022 226 1058 aviditas
254 1022 398 1067 sciendi7
427 1022 598 1057 velocitas
629 1022 736 1057 eundi
773 1025 809 1057 et
843 1022 1088 1057 misericordia
1121 1023 1248 1058 alienae

77 1091 266 1127 poenae.—
280 1084 323 1116 Et
339 1092 425 1116 ecc-0.
446 1081 508 1116 Hic
536 1086 640 1126 poeta
667 1081 836 1117 describit
854 1081 1116 1126 apparitionem
1139 1082 1249 1117 unius

77 1142 223 1176 illustris
243 1145 358 1187 poetae
381 1151 446 1187 per
471 1152 581 1176 unam
604 1141 760 1176 nobilem
790 1141 1112 1186 comparationem.
1133 1142 1174 1176 Et
1202 1141 1248 1177 ad

77 1201 348 1247 intelligentiam
383 1201 489 1236 huius
521 1201 722 1247 peregrinae
758 1206 793 1237 et
827 1201 1029 1236 artificiosae
1056 1211 1248 1246 compara-

77 1262 182 1297 tionis
209 1265 262 1297 est
288 1261 407 1307 primo
437 1261 638 1306 sciendum,
666 1261 763 1306 quod
792 1261 894 1296 multi
923 1261 1104 1296 mirantur
1131 1270 1247 1306 quare

76 1324 182 1368 poeta
205 1325 326 1356 noster
348 1320 774 1355 christianissimus<facit
801 1320 956 1355 Statium
984 1330 1056 1355 non
1083 1320 1248 1355 christia-

77 1392 165 1417 num
201 1381 258 1416 hic
289 1384 397 1425 stare,
430 1380 629 1415 nescientes
664 1379 788 1415 videre
822 1390 995 1415 causam:
1023 1380 1103 1415 ideo
1131 1380 1248 1425 primo

76 1440 156 1475 dico
188 1439 284 1485 quod
311 1443 416 1485 poeta
445 1439 559 1484 potnit
594 1439 847 1474 coniecturare
878 1449 923 1474 ex
956 1439 1077 1474 multis
1112 1439 1248 1475 indiciis

77 1499 232 1534 Statium
268 1499 378 1533 fuisse
415 1498 663 1533 christianum.
698 1498 788 1532 Nam
823 1498 850 1532 si
884 1498 1052 1544 Virgilius
1086 1499 1147 1543 qui
1183 1499 1249 1533 suit

77 1563 161 1594 ante
188 1558 370 1594 Christum
391 1558 499 1593 sensit
517 1558 651 1602 aliquid
670 1558 715 1592 de
738 1557 797 1592 illo
824 1568 888 1603 per
911 1558 1072 1593 carmina
1101 1558 1248 1603 sybillae,

77 1623 116 1653 ut
145 1621 298 1654 testatur
324 1617 558 1664 Augustinus,
587 1620 724 1662 quanto
759 1617 873 1663 magis
900 1617 1044 1661 Statius,
1073 1617 1134 1662 qui
1163 1617 1249 1652 vidit

78 1681 243 1723 tempore
274 1687 341 1711 suo
372 1676 520 1711 crudele
546 1676 805 1711 exterminium
841 1679 876 1711 et
909 1676 1112 1712 inauditum
1140 1680 1248 1712 antea

77 1737 173 1782 quod
206 1736 287 1771 fecit
317 1735 416 1770 Titus
448 1735 492 1771 de
518 1735 659 1781 judaeis‚
692 1738 726 1770 et
761 1739 811 1770 tot
846 1736 1022 1771 miracula
1057 1736 1150 1771 sacta
1184 1747 1248 1782 per

78 1799 256 1841 martyres
288 1805 379 1840 quos
406 1794 631 1830 Domitianus
659 1794 769 1830 frater
795 1794 861 1829 Titi
889 1795 1138 1830 crudelissime
1164 1805 1248 1840 per-

77 1859 224 1891 secutus
264 1858 327 1899 est,
368 1865 452 1889 cum
493 1854 730 1889 christianum
776 1864 909 1889 nomen
949 1864 1093 1900 semper
1133 1855 1248 1901 magis

78 1918 269 1951 cresceret.
306 1914 387 1949 Fuit
420 1913 528 1949 etiam
563 1913 696 1948 Statius
733 1924 845 1948 ausus
876 1913 997 1948 dicere
1032 1913 1066 1948 in
1099 1914 1246 1949 maiori:

78 1977 217 2010 Primus
246 1976 283 2009 ‘in
319 1974 401 2008 orbe
429 1976 519 2007 Deos
550 1974 630 2017 sesi!
664 1975 776 2007 timor.
805 1973 886 2007 Fuit
903 1969 936 2016 ζ’)
971 1976 1007 2008 et
1040 1973 1248 2009 honestissi—

78 2045 160 2070 mus
188 2038 224 2070 et
250 2033 513 2069 moralissimus
546 2032 580 2066 in
614 2032 783 2067 omnibus
817 2033 890 2067 suis
926 2032 1045 2077 dictis;
1077 2033 1139 2069 sed
1173 2034 1248 2069 sive

77 2095 187 2131 fuerit
213 2093 441 2138 christianus,
464 2093 540 2128 sive
567 2102 650 2137 non,
671 2103 743 2127 non
770 2092 860 2128 facio
887 2092 960 2128 vim
988 2093 1024 2128 in
1051 2093 1131 2138 hoc,
1154 2103 1247 2138 quo-

78 2155 173 2190 niam
203 2153 381 2189 subtiliter
399 2156 435 2188 et.
454 2152 658 2187 necessario
678 2155 783 2197 poeta
803 2153 870 2187 hoc
893 2152 1004 2199 fingit,
1025 2152 1110 2198 quia
1132 2153 1245 2188 multa

138 2280 166 2310 (¹)
183 2281 212 2304 E.
231 2281 289 2304 Fuit
306 2281 391 2304 etiam.
