1737 2836
349 212 485 236 CANTL'S
512 212 727 238 TRlGESlML'S
753 212 945 238 SECUNDUS.
1158 207 1227 239 :243

59 287 108 329 yli
133 287 215 320 altri
240 286 343 329 sensi,
372 284 505 319 scilicet
531 285 589 319 alii
616 296 637 320 a
664 285 743 320 visu
772 288 807 321 et
831 285 939 321 etiam
960 286 1058 321 visus
1076 289 1229 322 eaetera-

60 355 143 379 rum
172 355 311 389 rerum,
340 345 483 378 m’eran
519 345 593 378 tulli
620 347 742 388 speriti,
772 345 871 390 idest,
900 346 1045 390 mortui,
1074 345 1228 390 inutiles,

59 404 144 449 quia
171 404 255 438 nihil
283 403 380 438 aliud
408 402 562 448 videbat,
590 403 772 449 audiebat7
793 405 850 440 vel
877 405 1063 440 sentiebat.
1084 406 1127 440 Et
1149 408 1229 441 tan-

59 463 110 509 git
137 464 332 508 quomodo,
360 463 499 498 dicens:
528 467 559 497 el
587 465 664 506 essi,
693 463 794 508 idest,
829 465 923 499 oculi
958 465 1041 510 mei,
1074 467 1188 509 qzcinci
1213 476 1231 499 e

61 524 191 566 quincii,
218 534 239 558 a
265 523 392 558 dextra
419 525 455 557 et
488 521 641 566 sinistra,
670 533 779 557 avean
806 528 942 567 parete,
970 524 1071 569 idest,
1108 525 1230 560 obsta-

61 583 198 627 culum,
217 584 253 617 di
279 592 349 616 non
375 583 482 625 caler,
501 581 600 625 idest,
620 581 771 617 curandi
792 582 837 616 de
860 582 981 627 aliqua
994 580 1028 626 ς’)
1051 593 1107 627 re3
1134 583 1231 619 unde

61 652 133 677 non
160 645 301 687 poterat
328 641 445 676 visum
473 641 618 676 flectere
645 641 681 676 in
707 641 866 686 aliquam
895 645 1047 687 partem,
1076 642 1125 677 ita
1152 646 1231 678 erat

60 701 209 747 ligatus3
238 701 334 736 unde
360 701 462 736 dicit:
490 697 559 735 cosi
587 702 618 736 lo
644 705 744 736 santo
771 703 857 745 riso,
877 701 978 746 idest,
1007 702 1157 737 honesta
1179 702 1231 737 fa—

60 760 132 795 cies
159 760 260 795 istius
287 764 420 795 sanctae
448 760 620 805 mulieris,
648 762 762 795 traellt'
787 772 809 795 a
836 772 883 804 se,
912 761 1012 806 idest,
1038 761 1146 797 traxit
1168 771 1231 797 eos

60 819 105 855 ad
123 830 172 864 se,
201 830 263 854 con
284 821 427 854 l’cmlica
446 824 528 864 rete,
544 820 646 865 idest,
665 820 902 855 delectatione
917 821 1052 856 amoris
1071 832 1182 866 quam
1195 817 1230 865 (²)

60 879 258 924 antiquitus
285 880 441 915 habebat
476 880 510 914 in
538 890 592 925 ea,
622 880 678 915 vel
707 880 884 915 memoria
911 880 1049 924 antiqui
1082 880 1229 926 amoris,

60 939 122 984 qui
148 939 210 974 diu
238 940 418 974 extinctus
446 950 541 974 nunc
562 950 778 975 reaccensus
798 943 870 984 est;
891 939 972 975 licet
991 943 1116 975 autem
1137 943 1231 976 esset

60 999 109 1033 sic
135 998 338 1043 dispositus,
368 1002 489 1034 tamen
518 998 694 1034 violenter
721 998 869 1034 coactus
909 1003 961 1034 est
993 1000 1141 1034 volvere
1177 999 1231 1035 vi-

59 1068 140 1092 sum
177 1057 446 1102 sinistrorsum;
481 1057 577 1093 unde
612 1058 715 1093 dicit:
753 1059 893 1102 quando
922 1069 989 1103 per
1021 1061 1143 1103 foma,
1179 1059 1231 1094 rei

60 1116 205 1161 auditae,
232 1118 279 1151 mi
301 1119 340 1162 su
369 1118 457 1151 collo
485 1118 509 1152 il
534 1118 620 1161 viso,
647 1128 668 1152 a
701 1117 862 1162 dextera,
893 1118 953 1152 ubi
987 1122 1078 1162 erat,
1112 1117 1170 1153 veb-
1197 1120 1231 1153 la

60 1177 202 1211 sinislra
226 1178 294 1210 mia
321 1178 367 1211 da
395 1178 501 1220 quelle
527 1178 599 1220 dee,
627 1176 772 1221 scilicet,
802 1176 881 1221 fide,
910 1187 984 1222 spe,
1006 1181 1041 1212 et
1068 1178 1231 1223 caritate,

62 1246 143 1280 quae
176 1239 260 1270 sunt
294 1235 447 1271 virtutes
474 1236 616 1280 divinae,
639 1237 803 1280 perclz'io
830 1238 912 1271 adia
939 1238 985 1271 da
1012 1239 1102 1280 loro,
1131 1237 1230 1282 idest,

62 1295 108 1330 ab
127 1295 209 1340 ipsis
228 1295 440 1340 dicentibus,
457 1306 519 1329 zm:
540 1298 677 1339 Troppo
689 1297 777 1340 fiso;
797 1296 992 1331 voluerunt
1012 1297 1133 1332 dicere
1155 1297 1231 1332 istae

62 1358 135 1390 tres
150 1355 247 1399 quod
265 1355 397 1390 Dantes
418 1355 521 1389 nimis
542 1354 612 1390 fixe
633 1355 846 1400 respiciebat
864 1356 1080 1401 Beatricem,
1099 1367 1231 1392 secun-

61 1414 148 1449 dum
176 1414 365 1449 consilium
394 1414 457 1448 sibi
485 1414 610 1449 datum
639 1414 806 1459 superius
833 1415 879 1449 ab
906 1415 971 1450 illis
995 1416 1118 1460 primis
1141 1428 1232 1462 qua-

63 1477 158 1518 tuor,
182 1484 264 1517 quae
292 1473 483 1508 dixerunt:
508 1475 559 1518 [α’
578 1475 636 1508 che
662 1484 730 1507 non
758 1475 928 1517 rislum-nn·
953 1479 1041 1510 etc.:
1064 1476 1232 1511 volebant

61 1543 150 1579 ergo
178 1533 252 1567 istae
281 1536 353 1567 tres
380 1532 476 1577 quod
505 1536 610 1578 poeta
638 1537 847 1568 removeret
875 1534 993 1568 risum
1020 1545 1041 1569 a
1068 1535 1232 1571 Beatrice

62 1595 101 1626 ut
129 1592 267 1627 videret
293 1592 495 1627 exercitum
525 1591 753 1636 redeuntem,
783 1596 822 1627 ut
848 1593 967 1628 statim
995 1594 1232 1638 sequitur.—

62 1654 93 1686 E
117 1653 151 1686 la
178 1653 398 1696 disposize‘on.
428 1651 490 1686 Hic
517 1655 623 1697 poeta
650 1651 818 1687 describit
837 1653 1105 1698 dispositionem
1125 1664 1231 1690 suam

63 1711 178 1755 qualis
209 1714 288 1745 erat
320 1710 365 1745 ad
396 1710 465 1745 alia
501 1711 653 1746 videnda
687 1721 771 1746 cum
808 1713 1021 1748 removisset
1053 1714 1178 1749 oculos
1210 1724 1232 1749 a

62 1769 246 1805 Beatrice:
274 1773 309 1804 et
335 1770 596 1805 sententialiter
614 1770 691 1805 vult
717 1770 848 1816 dicere,
869 1772 966 1816 quod
988 1772 1080 1807 sicut
1103 1773 1232 1808 oculus

63 1828 125 1873 qui
153 1828 310 1873 respexit
335 1828 601 1873 aliquantulum
631 1829 744 1864 solem
773 1834 939 1865 remanet
959 1831 1160 1876 hebetatus,
1181 1832 1230 1867 ita

63 1887 160 1932 quod
179 1897 250 1922 non
270 1890 385 1932 potest
404 1887 527 1922 videre
545 1888 613 1923 alia
633 1888 813 1924 sensibilia
833 1889 974 1925 minora
996 1891 1110 1926 donec
1129 1891 1232 1936 paul-

63 1947 161 1982 latim
182 1947 421 1991 resormetur3
442 1947 489 1982 ita
515 1957 536 1982 a
564 1947 670 1982 simili
693 1949 821 1983 oculus
842 1953 957 1994 poetae
977 1950 1038 1995 qui
1062 1961 1232 1996 respexe-

63 2010 119 2041 rat
144 2006 346 2041 Beatricem
375 2016 446 2041 non
480 2010 621 2052 poterat
654 2007 778 2042 videre
810 2008 898 2043 alias
930 2019 1104 2054 personas
1138 2011 1231 2046 illius

62 2065 255 2110 exercitus⁷
284 2065 349 2100 nisi
376 2068 500 2111 postea
529 2066 786 2102 reformatione
814 2068 917 2103 facta.
946 2068 1036 2104 Dicit
1061 2080 1150 2117 ergo
1177 2071 1231 2106 sa-

62 2124 159 2160 ciens
186 2125 499 2170 comparationem
527 2126 684 2161 nobilem
713 2129 747 2161 et
775 2127 934 2162 claram:
964 2131 994 2163 E
1022 2131 1056 2164 la
1083 2131 1230 2175 dispost-

125 2253 151 2282 (')
169 2254 221 2281 117,
240 2252 323 2283 aliqua
341 2253 389 2277 alia
406 2260 443 2278 re.
663 2254 689 2285 (¹)
706 2255 735 2279 E.
754 2262 838 2286 quem.
