1766 2856
525 256 592 288 162
883 258 1085 284 COMENTUM
1112 258 1334 284 PL‘RGATORn

521 336 571 370 tal
595 335 679 378 qual
701 335 732 368 si
758 333 931 376 raccoylie
958 333 994 366 di
1018 341 1122 366 ramo
1139 333 1174 366 in
1197 341 1314 374 ramo,
1333 330 1510 366 arborum
1534 330 1696 366 excelsa-

522 405 616 439 rum,
636 405 701 439 per
728 395 762 428 la
787 394 918 437 pineta,
938 401 1021 438 quae
1049 396 1102 428 est
1129 391 1229 438 sylva
1259 401 1391 437 magna
1415 391 1520 436 plena
1540 390 1642 436 pinis,
1660 390 1698 425 in

521 465 593 499 qua
632 456 738 500 poeta
776 457 898 489 noster
937 462 1034 498 saepe
1072 454 1263 487 notaverat
1300 451 1404 486 istam
1449 450 1697 486 resonantiam

522 514 630 559 venti,
659 524 743 550 cum
772 513 1025 549 deambularet
1051 512 1233 547 solitarius
1260 510 1480 557 speculando
1516 521 1581 557 per
1613 511 1697 546 litus

524 574 634 609 maris
661 573 816 619 adriaci;
840 573 937 609 unde
964 572 1066 608 dicit:
1096 574 1128 607 in
1148 573 1203 607 sal
1228 573 1286 606 lico
1307 573 1342 606 dt
1364 572 1504 606 Chiassz'.
1525 571 1577 607 Ad
1599 571 1696 617 quod

522 637 576 670 est
602 634 788 669 sciendum
818 633 915 679 quod
942 632 1071 668 Classis
1098 632 1163 666 fuit
1186 635 1284 667 terra
1305 635 1408 667 extra
1428 631 1639 667 Ravennam
1659 631 1696 666 in

523 694 628 730 litore
655 694 785 739 maris3
813 693 909 740 apud
937 703 1049 738 quam
1077 692 1299 727 Justinianus
1333 691 1533 738 imperator
1565 691 1697 727 dicitur

523 754 648 790 fecisse
675 754 865 790 eeclesiam
902 753 1015 788 sancti
1048 752 1271 798 Apollinaris.
1304 751 1539 797 Leoprandus
1570 754 1695 787 autem

524 825 588 851 rex
616 814 925 861 longobardorum
943 810 978 857 (¹)
1000 823 1085 848 cuin
1110 812 1307 848 obsedisset
1334 813 1546 848 Ravennam
1568 812 1698 847 invasit

522 875 681 910 Classem
709 873 894 920 oppidum,
921 877 1033 918 atque
1059 872 1248 908 destruxit.
1278 872 1326 907 lbi
1356 872 1421 906 suit
1453 872 1539 907 olim
1571 874 1698 918 portus

523 935 717 978 Ravennae,
746 933 806 968 ubi
835 933 1022 979 Augustus
1055 932 1172 968 tenuit
1187 927 1223 976 β)
1261 942 1434 979 magnam
1469 932 1620 967 classem
1653 931 1699 967 ad

523 993 768 1029 defensionem
804 993 915 1028 maris
946 993 1105 1037 adriaci3
1141 993 1295 1028 alteram
1333 992 1448 1028 tenuit
1483 992 1579 1038 apud
1606 992 1699 1028 Nea-

523 1054 632 1100 polim
669 1053 714 1089 ad
750 1053 996 1089 defensionem
1033 1053 1142 1088 maris
1178 1052 1351 1098 tyrrheni.
1382 1053 1423 1087 Et
1459 1053 1526 1087 hoc
1559 1051 1699 1097 accidit,

524 1115 665 1158 qnando
692 1115 792 1157 Eolo,
821 1123 884 1148 rex
902 1109 938 1157 'fl
967 1116 1176 1157 ventorum,
1210 1113 1386 1156 discioylie
1414 1114 1498 1157 fetor
1532 1113 1698 1154 scirocco,

524 1173 625 1219 idest,
653 1173 783 1209 emittit
811 1173 950 1208 Eurum
979 1176 1142 1208 ventum.
1172 1172 1213 1207 Et
1231 1166 1265 1216 (4)
1288 1176 1341 1208 est
1369 1172 1582 1217 notandum,
1602 1171 1699 1217 quod

524 1237 640 1280 poetae
668 1233 808 1280 fingunt
836 1233 933 1278 quod
961 1233 1069 1267 Eolus
1089 1232 1197 1268 babet
1219 1236 1346 1268 ventos
1366 1233 1400 1267 in
1420 1236 1598 1278 potestate
1620 1242 1699 1277 sua,

525 1304 617 1339 quos
645 1294 679 1329 in
707 1294 879 1340 spelunca
906 1296 1005 1328 tenet
1032 1293 1189 1328 inclusos
1216 1293 1284 1328 *et
1311 1293 1388 1327 illos
1416 1293 1545 1328 emittit
1577 1296 1613 1328 et
1642 1303 1700 1329 re-

525 1358 630 1389 vocat
666 1354 709 1389 ad
742 1353 933 1389 arbitrium
968 1363 1099 1398 suum3
1131 1352 1227 1387 unde
1259 1353 1441 1387 Homerus
1473 1353 1507 1388 in
1540 1352 1699 1399 Odyssea

526 1414 625 1460 fingit
641 1414 738 1459 quod
751 1414 860 1449 Eolus
875 1413 970 1449 dedit
982 1417 1108 1449 ventos
1125 1413 1307 1448 inclusos³¹<
1321 1408 1354 1457 6³)
1370 1413 1404 1447 in
1422 1413 1562 1448 utribus
1577 1413 1699 1460 Ulyxi3

525 1478 560 1510 et
579 1475 761 1521 Virgilius,
781 1474 842 1519 qui
863 1474 1020 1509 multum
1046 1473 1210 1509 imitatur
1228 1473 1443 1518 Homerum,
1465 1473 1564 1520 fingit
1582 1473 1701 1519 primo

525 1535 678 1570 Eneidos
706 1534 804 1579 quod
831 1534 939 1569 Eolus
968 1533 1145 1568 relaxavit
1172 1537 1299 1568 ventos
1327 1544 1371 1569 ex
1400 1544 1550 1569 carcere
1569 1533 1613 1569 ad
1636 1543 1702 1569 ex-

526 1594 706 1630 citandam
752 1597 1004 1640 tempestatem
1046 1597 1171 1628 contra
1213 1594 1361 1628 Eneam.
1397 1594 1537 1629 Veritas
1576 1597 1701 1629 autem

526 1658 591 1699 est,
620 1654 717 1699 quod
746 1654 853 1689 Eolus
882 1654 945 1689 fuit
975 1664 1039 1689 rex
1068 1653 1284 1697 insularum,
1312 1664 1396 1698 qua>
1427 1657 1511 1688 sunt
1545 1654 1579 1688 in
1610 1654 1701 1689 mari

526 1714 651 1759 siculo„
680 1724 839 1759 quarum
876 1724 960 1756 una„
990 1717 1027 1747 ut
1063 1713 1185 1748 scribit
1216 1713 1351 1748 Plinius
1387 1713 1421 1748 in
1457 1714 1612 1749 naturali
1649 1714 1702 1748 hi-

526 1774 647 1819 storia,
676 1778 804 1809 vocata
841 1777 893 1809 est
927 1773 1063 1819 Liparis
1094 1783 1114 1807 a
1147 1773 1277 1818 Liparo
1316 1783 1404 1819 rege
1435 1773 1496 1818 qui
1528 1774 1701 1809 successit

527 1834 624 1868 Eolo.
653 1833 750 1869 Inter
777 1834 870 1868 banc
898 1836 933 1868 et
960 1833 1115 1868 Siciliam
1139 1836 1193 1867 est
1213 1832 1331 1867 insula
1351 1833 1513 1878 Vulcani,
1533 1843 1616 1878 quae
1635 1843 1701 1868 no-

527 1897 675 1929 cturnas
702 1893 833 1929 emittit
860 1894 1037 1928 flammas.
1059 1893 1177 1928 Tertia
1206 1893 1398 1939 Sirongilia
1425 1893 1559 1928 distans
1590 1904 1610 1928 a
1644 1894 1701 1928 Li-

528 1964 615 2000 para
643 1964 709 2000 per
737 1954 891 1989 milliare
918 1954 1093 1989 inclinans
1120 1953 1164 1989 ad
1197 1957 1319 1988 ortum
1348 1953 1441 1999 solis,
1470 1954 1505 1988 in
1532 1964 1604 1998 qua
1644 1964 1701 1990 re-

527 2014 651 2060 gnavit
686 2014 794 2049 Eolus
830 2024 913 2059 qum
948 2013 1067 2049 dissert
1103 2024 1124 2049 a
1160 2013 1289 2059 Lipara
1322 2014 1440 2048 solum
1477 2013 1511 2048 in
1545 2013 1700 2049 clariore

528 2075 685 2119 flamma,
713 2074 818 2109 cuius
846 2074 946 2109 sumo
975 2069 1152 2117 incolaelssl
1180 2074 1351 2108 dicuntur
1383 2084 1612 2119 praenoscere
1639 2075 1701 2120 qui

589 2167 613 2195 (¹)
632 2167 661 2190 E.
681 2167 875 2191 lombardorum
894 2176 952 2191 cum
971 2169 1109 2192 obsedisset
1128 2168 1255 2191 Veronam
1274 2168 1372 2191 invasit.

589 2204 607 2233 (2
636 2205 663 2228 15.
683 2206 763 2228 tenuit
783 2207 843 2229 olim
863 2214 990 2235 magnam.
1180 2206 1204 2235 χ’)
1224 2209 1276 2233 117,
1295 2206 1357 2229 deus
1375 2210 1520 2230 ventorum.

592 2244 606 2272 J*
635 2246 687 2272 117,
708 2244 736 2267 ΕΙ
757 2244 797 2267 hic
814 2248 850 2269 ost
870 2245 933 2268 bom·
952 2245 1101 2268 notandum.

590 2283 615 2308 β’
635 2283 668 2305 ht·
680 2282 765 2311 parole
777 2283 873 2306 incluso
885 2283 923 2306 sra
936 2283 941 2305 i
954 2284 1002 2305 1111(-
1020 2283 1151 2306 asterisclii
1164 2290 1226 2306 sono
1238 2283 1347 2313 supplilo
1359 2283 1397 2306 dai
1408 2283 1495 2306 (lodii-i
1508 2285 1549 2306 117
1562 2290 1575 2306 e
1587 2283 1700 2308 Estense.

592 2321 615 2349 μ’]
636 2321 664 2343 Ε.
682 2321 771 2344 incola·
789 2321 881 2345 ibidem
900 2322 1020 2345 dicuntur
1038 2329 1193 2351 cognoscere
1211 2325 1233 2345 01
1254 2328 1464 2352 prawngnoscere
1481 2324 1524 2352 qni
1543 2323 1619 2346 venii.
