1737 2836
486 231 623 258 CANTUS
649 233 792 258 SExTus.
1159 228 1227 259 427

52 304 110 349 cit,
125 304 267 339 dicens:
284 304 384 339 velut
400 314 551 340 romana
567 306 700 342 mulier
715 306 830 341 laudis
848 306 953 342 avida
973 307 1088 342 voluit
1106 311 1228 343 osten—

50 364 139 400 dere
166 364 373 399 hominibus
400 374 546 410 poenam
575 365 610 400 in
638 369 779 412 testem,
808 366 941 412 quibus
969 367 1227 404 conscientiam

50 424 243 460 ostendere
271 435 343 459 non
371 424 523 470 poterat.
552 425 622 461 Sed
649 430 750 462 certe
782 427 908 462 nobilis
941 427 993 462 ira
1022 430 1056 463 et
1074 424 1110 472 (⁴)
1138 428 1228 464 indi-

51 485 174 531 gnatio
201 484 311 519 animi
340 485 405 519 snit
433 485 467 519 in
495 485 561 520 ista
590 486 698 521 nobili
719 497 882 522 romana.
907 488 948 522 Et
967 488 1069 523 dicit:
1092 490 1128 523 in
1149 493 1229 524 selle

50 547 136 588 reyi.
165 545 207 580 Et
235 545 291 580 hic
315 549 399 580 nota
419 545 516 590 quod
535 549 643 581 autor
663 546 755 582 mira
774 547 953 583 brevitate
972 549 1228 594 complectitur

52 605 248 652 primordia
276 606 402 641 Romae
429 609 465 641 et
493 610 657 652 tempora
687 617 830 653 regum,
851 608 919 642 sub
948 608 1081 653 quibus
1108 609 1227 654 primo

50 665 255 712 gubernata
284 670 353 710 est3
387 666 542 711 populus
576 666 673 701 enim
709 677 884 702 romanus
918 678 1003 702 cum
1031 673 1172 704 secreta
1192 666 1227 714 (²)

50 726 277 772 providentia
297 726 448 762 deberet
468 727 560 761 effici
584 726 749 773 gentium
772 727 954 772 dominus,
976 728 1022 763 ab
1044 728 1144 764 initio
1164 729 1229 765 ha-

51 785 129 821 buit
155 796 261 833 reges
288 787 333 821 ad
362 787 581 822 fundandam
612 790 749 822 tantam
778 787 920 823 urbem.
948 788 1039 823 Nam
1067 790 1226 826 Romulo

51 846 137 881 nibil
163 847 351 882 ardentius
378 848 446 882 sul)
474 858 548 893 quo
577 848 710 893 populo
736 847 852 882 induit
879 847 1083 883 audaciam.
1104 850 1225 886 Numa

52 907 164 942 sacris
184 908 344 944 intentus
367 908 444 953 fuit,
460 909 528 943 sub
547 919 621 954 quo
641 908 796 954 populus
815 908 930 943 sactus
953 911 1006 943 est
1026 909 1227 955 religiosus,

51 967 216 1014 mitigato
245 968 371 1004 surore
398 969 589 1004 bellorum.
614 969 739 1003 Tullus
761 968 931 1003 Hostilius
959 969 1009 1004 rei
1028 965 1063 1012 (³)
1093 970 1229 1006 bellica}

51 1028 226 1074 magister
254 1032 289 1063 et
316 1029 515 1074 ordinator,
543 1029 610 1064 sub
638 1039 712 1074 quo
740 1030 896 1075 populus
923 1029 1144 1075 disciplinam
1177 1032 1226 1067 rei

53 1088 218 1123 militaris
245 1089 375 1134 didicit,
403 1090 500 1124 acuit
528 1100 617 1135 ergo
646 1089 819 1124 virtutem
849 1089 1065 1125 fortitudinis
1099 1095 1227 1127 contra

51 1148 211 1195 pericula
242 1149 366 1185 mortis
390 1160 455 1195 pro
485 1149 680 1195 republica.
709 1150 829 1185 Ancus
858 1150 988 1185 urbem
1008 1150 1118 1185 cinxit
1142 1162 1224 1186 mu-

52 1209 111 1254 ris,
131 1210 216 1255 quia
236 1211 391 1255 populus
421 1214 520 1244 tutus
547 1220 626 1245 esse
654 1220 725 1244 non
745 1213 887 1255 poterat
906 1214 1032 1245 contra
1062 1214 1113 1245 tot
1140 1211 1227 1246 vici—

50 1280 115 1305 nos
150 1273 314 1315 potentes
349 1270 511 1305 inimicos
542 1270 699 1305 infestos.
728 1270 946 1314 Tarquinius
980 1270 1123 1305 Priscus
1159 1282 1223 1316 per

48 1333 235 1375 assumpta
269 1333 304 1365 et
337 1330 502 1365 ordinata
538 1333 754 1365 ornamenta
788 1340 958 1375 magnam
995 1331 1126 1376 populo
1161 1331 1226 1366 tri-

50 1390 127 1425 buit
142 1384 178 1434 <43
198 1390 421 1436 dignitatem.
445 1390 593 1425 Servius
612 1400 763 1425 censum
789 1391 937 1436 invenit,
958 1395 997 1426 ut
1022 1392 1223 1437 respublica

48 1454 286 1497 cognosceret
306 1460 391 1485 suas
406 1450 513 1494 vires,
537 1453 572 1485 et
592 1450 741 1495 provide
760 1451 940 1486 ordinavit
960 1455 999 1486 ut
1023 1453 1163 1487 romani
1183 1452 1228 1487 de

49 1511 193 1557 publico
221 1510 427 1545 militarent.
460 1510 590 1544 Ultimo
617 1510 836 1554 Tarquinius
855 1512 1036 1557 superbus
1056 1523 1122 1548 sua
1142 1523 1226 1548 cru-

49 1571 119 1607 deli
148 1571 338 1618 tyrannide
365 1570 447 1606 secit
476 1574 514 1605 ut
541 1571 698 1616 populus
726 1571 930 1617 exagitatus
958 1572 1097 1607 iniuriis
1125 1584 1228 1607 sum-

50 1642 151 1666 mum
180 1631 318 1666 bonum
348 1630 521 1665 libertatis
550 1630 768 1675 acquireret.
798 1631 840 1665 Et
874 1635 913 1666 ut
944 1632 1093 1667 brevius
1126 1633 1227 1668 colli-

47 1702 152 1737 gam:
170 1691 515 1736 romanuspopulus
534 1690 601 1725 sub
625 1690 782 1725 Romulo
803 1691 918 1726 factus
940 1695 994 1727 est
1014 1692 1225 1737 bellicosus;

49 1752 116 1787 sub
131 1753 248 1786 Numa
265 1751 475 1797 religiosus3
491 1751 559 1785 sub
578 1751 681 1785 Tullo
700 1755 885 1797 armatus3
901 1752 969 1787 sub
988 1752 1087 1788 Anco
1107 1756 1226 1797 tutus3

47 1812 116 1847 sub
136 1812 257 1846 Prisco
284 1814 454 1855 ornatusg
478 1811 545 1846 sub
564 1811 691 1846 Servio
714 1813 943 1857 praemiatus3
965 1814 1032 1848 sub
1057 1813 1224 1859 Superbo

48 1872 244 1916 liberatu53
281 1874 316 1906 et
354 1875 603 1917 regnaverunt
643 1882 748 1918 reges
782 1872 948 1907 ducentis
984 1873 1225 1919 quadraginta

50 1932 165 1967 tribus
195 1931 307 1966 annis.
342 1932 383 1966 Et
414 1931 521 1966 dicit:
556 1932 720 1966 vincendo
747 1933 887 1966 intorno
919 1935 949 1967 le
978 1935 1070 1976 yenli
1103 1935 1222 1977 vicine,

48 1991 141 2027 sicut
168 1992 319 2037 populos
347 1990 475 2026 latinos
502 1990 564 2035 qui
594 1991 742 2026 fuerunt
770 1992 883 2026 multi.
905 1992 1005 2027 Unde
1024 1993 1139 2027 Roma
1160 1993 1226 2027 fuit

49 2051 84 2086 in
103 2051 221 2095 Latio;
245 2055 281 2086 et
309 2051 356 2086 ita
378 2051 606 2095 Veientanos,
625 2061 786 2095 quorum
811 2051 937 2086 civitas
961 2052 1026 2086 fuit
1048 2053 1226 2087 florentis—

48 2112 140 2147 sima
167 2111 201 2145 in
229 2111 384 2146 confinio
407 2111 557 2155 Tusciae,
582 2111 689 2156 longe
711 2111 756 2145 ab
778 2111 869 2146 urbe
896 2123 960 2157 per
987 2112 1113 2148 decem
1142 2116 1224 2148 octo

50 2171 228 2215 milliaria,
256 2182 366 2216 quam
397 2174 520 2216 postea
548 2170 722 2205 Camillus
755 2171 849 2216 cepit
877 2175 955 2216 post
985 2171 1221 2207 decennalem

109 2264 137 2293 (¹)
157 2264 184 2287 13.
202 2266 226 2287 et
245 2264 336 2287 nobilis
354 2265 499 2294 indignatio.
675 2264 700 2293 (ἵ)
720 2264 748 2287 Ε.
766 2268 865 2288 sari-ata
884 2265 929 2289 Dei
948 2266 1115 2296 providentia.

110 2301 136 2331 (⁸)
154 2304 176 2330 4,
194 2302 230 2325 rei
246 2302 362 2332 publicae.
677 2302 703 2331 (⁸)
720 2305 742 2331 4,
760 2303 879 2327 obtinuit.
