1737 2836
523 163 660 189 CANTUS
686 163 856 189 OCTAVUS.
1209 158 1276 189 491

102 248 119 271 e
145 238 181 271 la
207 237 295 271 bella
322 237 521 279 Trinacria,
544 236 644 282 idest,
667 236 783 272 Sicilia
804 246 892 272 vere
910 236 1132 282 pulcerrima
1151 239 1187 271 et
1207 235 1280 271 fer-

103 296 264 332 tilissima
292 296 508 341 insularum,
528 297 578 332 sic
600 297 685 332 olim
714 296 807 332 dicta
834 306 855 331 a
883 296 998 331 tribus
1020 295 1279 342 promontoriis

104 357 255 403 magnis,
271 357 405 392 scilicet
423 357 592 403 Lilybaeo,
611 356 782 401 Pachino,
802 357 957 401 Pelloro‚
980 356 1076 391 unde
1095 359 1147 391 est
1168 356 1279 390 trian—

102 417 240 463 gulata,
259 418 317 451 clee
334 418 463 461 collyri,
485 416 586 461 idest,
606 417 827 452 obscuratur
854 416 955 452 fumo
978 416 1107 461 AEtnae,
1129 419 1165 452 ct
1188 416 1280 452 sorte

102 476 297 522 aliquando
326 488 397 512 non
425 476 589 520 fumabit,
616 487 725 520 sopra
744 477 768 510 ’l
791 478 899 520 9(›lso7
929 476 1028 520 idest,
1059 486 1160 511 mare
1184 476 1279 511 sicu-

102 536 192 581 lum,
220 538 278 571 che
303 539 414 572 ricece
440 538 487 571 <la
513 539 623 581 Euro,
654 539 763 571 vento
782 535 960 580 orientali7
982 538 1144 580 mayyz'or
1163 536 1277 580 briga,

103 597 189 642 quia
216 597 346 643 saepius
368 600 577 632 commovet
596 597 642 632 ibi
663 599 927 642 tempestatem.
948 597 990 631 Et
1009 596 1167 631 excludit
1190 607 1279 631 cau-

103 667 181 692 sam
217 657 336 692 fictam
373 657 559 703 assignans
594 657 771 692 rationem
810 657 1016 692 naturalem
1057 659 1093 691 et
1132 656 1276 691 dicens:

102 727 171 751 non
197 728 262 761 per
293 719 399 762 Tiseo,
431 717 487 753 vel
514 717 798 761 Enchelandum,
829 721 868 752 ut
894 717 952 752 alii
980 716 1115 762 dicunt,
1142 716 1197 751 vel
1225 719 1277 751 est

105 787 199 811 unus
227 780 263 812 et
290 777 397 821 idem,
426 788 483 811 ηια
506 788 572 821 per
599 781 758 812 nascente
783 778 887 822 solfo,
918 787 1114 812 accensum
1151 776 1277 819 ventis,

103 838 213 871 aerest
239 837 397 879 (tw-ebbe,
426 837 526 881 idest,
549 837 772 872 accendisset
799 837 843 872 ad
870 848 1050 882 amorem,
1071 837 1128 872 vel
1147 847 1279 872 secun—

102 896 190 931 dum
219 897 327 931 aliam
362 896 516 941 literam,
550 898 648 931 ascesi
679 898 839 940 avrebbe,
867 897 957 932 idest
990 900 1229 942 expectasset,
1258 898 1281 930 li

102 958 178 990 suoi
203 958 279 1000 reye'
305 968 452 999 ancora,
481 957 581 1001 idest,
609 967 839 993 successores
869 959 1152 1002 111e0s71251l1‘l)‹11·
1175 968 1227 991 me
1245 958 1280 991 ds

107 1018 226 1060 θαι-[0,
254 1017 340 1062 quia
368 1017 520 1053 Carolus
548 1017 687 1062 prunus
715 1017 781 1051 suit
807 1028 899 1052 avus
928 1028 1043 1062 meus‚
1064 1021 1099 1053 et
1127 1017 1278 1053 Carolus

103 1077 286 1112 secundus
314 1081 416 1123 pater
445 1088 562 1123 meus,
589 1082 624 1113 et
652 1088 720 1124 ego
748 1078 894 1113 fuissem
925 1078 1052 1114 tertius
1079 1078 1232 1113 Carolus
1252 1077 1277 1111 si

103 1137 386 1182 supervixissem
416 1138 507 1183 patri
536 1148 631 1182 meo,
651 1149 668 1172 e
685 1140 722 1173 (li
740 1140 892 1183 Rz'dolfo,
920 1139 1152 1184 imperatore7
1177 1141 1279 1183 patre

103 1197 312 1232 Clementiae
343 1198 467 1233 uxoris
496 1208 598 1233 meae.
627 1199 669 1233 Et
697 1202 793 1243 nota,
821 1199 918 1243 quod
951 1199 1104 1234 Carolus
1139 1198 1278 1244 primus

103 1257 223 1293 adhuc
251 1258 419 1303 sperabat
446 1258 515 1293 alia
543 1258 616 1293 duo
646 1269 771 1305 regna,
798 1259 932 1294 scilicet
959 1257 1279 1304 constantinopoli-

103 1320 231 1352 tanum
259 1321 294 1353 et
322 1328 406 1353 cum
436 1319 495 1353 illo
524 1319 899 1365 hierosolymitanum,
927 1319 971 1355 de
999 1329 1072 1364 quo
1099 1325 1177 1356 erat
1201 1320 1277 1365 jam

103 1377 278 1423 titulatus⁷
295 1378 358 1413 nisi
376 1378 500 1415 fuisset
516 1380 610 1414 mala
625 1379 835 1424 dominatio,
852 1383 892 1414 ut
906 1380 1025 1415 statim
1047 1379 1280 1425 sequitur.—

103 1439 145 1472 Se
172 1439 277 1472 mala.
306 1438 370 1473 Hic
389 1439 574 1474 Martellus
601 1438 703 1484 quasi
722 1439 921 1474 incidenter
940 1439 1053 1485 tangit
1074 1439 1278 1474 mirabilem

103 1498 230 1533 Siciliae
259 1499 508 1544 rebellionem,
537 1503 611 1535 tam
636 1500 814 1535 memoria
835 1510 946 1544 quarn
966 1499 1207 1534 admiratione
1226 1499 1280 1533 di-

101 1569 228 1604 gnam3
245 1569 327 1604 quae
347 1559 508 1595 breviter
527 1560 808 1606 substringenda
823 1563 878 1595 est
893 1563 969 1595 tun]
986 1560 1030 1594 ad
1046 1563 1277 1605 posterorum

102 1620 326 1665 exemplum,
348 1623 426 1654 tum
453 1620 498 1655 ad
526 1620 883 1655 commendationem
904 1620 1014 1654 unius
1039 1620 1105 1654 viri
1127 1630 1279 1666 magna-

103 1678 201 1713 nimi.
231 1679 412 1715 Jobannes
439 1689 527 1726 ergo
555 1680 599 1716 de
627 1680 789 1725 Procida7
819 1690 901 1725 quae
933 1683 988 1715 est
1024 1690 1134 1725 parva
1162 1680 1279 1714 insula

103 1738 139 1773 in
168 1739 259 1774 mari
287 1739 527 1784 neapolitano,
560 1740 645 1774 olim
674 1740 838 1775 notarius
873 1740 1058 1784 Mant'redi,
1087 1739 1141 1774 vir
1174 1750 1280 1785 saga—

104 1798 270 1834 cissimus
298 1799 500 1844 hominum,
528 1802 645 1834 tactus
672 1800 786 1835 atroci
813 1800 943 1834 iniuria
964 1810 1108 1834 vesanae
1128 1799 1280 1833 libidinis

104 1859 314 1894 francorum
349 1859 384 1894 in
423 1869 539 1894 uxore
571 1870 648 1903 sua,
677 1870 754 1894 rem
789 1859 989 1904 prudenter
1021 1858 1279 1902 dissinu1lavit3

104 1919 273 1955 simulata
307 1920 516 1965 aliquandiu
551 1920 651 1965 prius
679 1919 822 1965 publice
853 1918 1036 1954 dementia
1069 1922 1104 1953 ct
1136 1921 1279 1953 servata

103 1980 294 2016 occasione
321 1980 506 2026 temporis,
541 1991 625 2015 cum
664 1979 882 2025 quibusdam
913 1978 1125 2025 proceribus
1153 1978 1279 2013 Siciliae

103 2041 230 2076 habuit
257 2041 477 2076 clandestina
505 2040 708 2085 colloquia:
738 2043 773 2075 et
806 2039 900 2074 sicut
931 2042 1011 2074 erat
1040 2039 1092 2074 vir
1122 2038 1280 2084 prudens

105 2102 140 2134 et
158 2102 285 2145 potens
306 2100 342 2134 in
364 2110 476 2146 opere
495 2104 529 2136 et
552 2110 733 2145 sermone,
754 2103 850 2135 totus
869 2099 1036 2135 Mercurii
1058 2099 1162 2143 filius,
1183 2098 1279 2133 mul—

106 2164 227 2195 torum
255 2161 396 2196 animos
423 2161 467 2196 ad
496 2172 605 2196 suum
628 2160 851 2206 propositum
878 2160 1072 2196 inclinavit.
1093 2160 1134 2194 Et
1156 2160 1280 2194 volens

106 2221 264 2267 incipere
291 2232 311 2256 a
339 2222 466 2268 capite,
489 2221 608 2267 primo
626 2220 776 2257 accessit
801 2221 847 2256 ad
869 2221 1058 2256 Nicolaum
1078 2221 1213 2266 Papam
1235 2219 1277 2254 Ill
