1766 2856
514 232 583 266 280
851 238 1056 264 COMENTUM
1083 238 1302 264 PURGATonn

515 322 597 347 rum
626 311 841 356 impressam
870 310 955 354 sihi;
985 313 1020 345 et
1047 309 1097 345 sic
1124 310 1223 345 vides
1251 309 1348 355 quod
1379 311 1602 356 comparatio
1634 314 1688 346 est

512 373 798 419 optima-,lla
820 371 923 406 Nune
943 374 1048 416 poeta
1069 374 1193 406 movet
1212 371 1450 416 quaestionem
1474 371 1569 406 circa
1594 380 1688 417 prae—

510 432 616 477 dicta,
644 435 679 467 et
706 430 793 476 petit
821 441 906 466 cum
934 430 1175 466 admiratione
1202 430 1300 466 unde
1326 431 1370 466 sit
1397 430 1494 476 quod
1523 441 1595 466 non
1622 440 1687 476 po-

510 495 577 528 test
604 491 806 538 intelligere
834 491 946 526 verba
973 490 1063 535 eius,
1090 491 1231 526 dicens:
1257 493 1317 525 JIa
1347 494 1465 525 vostra
1484 492 1615 535 parola
1633 492 1688 526 di-

510 554 614 596 stata,
634 551 735 597 idest,
759 561 881 587 sermo
908 555 1029 586 vester
1056 551 1173 586 dictus
1195 551 1263 585 sub
1284 551 1468 596 parabola,
1492 561 1602 596 quem
1625 551 1688 586 diu

511 612 714 648 desideravi
740 612 869 647 audire
896 615 932 647 et
959 611 1171 657 intelligere,
1192 610 1320 656 perche*
1342 615 1437 646 tamo
1465 613 1558 656 vola,
1585 611 1687 655 idest,

515 671 744 716 transcendit,
771 682 879 716 sopra
914 673 984 706 mia
1016 672 1152 716 cedula,
1182 671 1283 716 idest,
1312 671 1556 718 cognitionem
1584 671 1690 707 intel-

514 733 718 777 lectualem,
746 733 804 766 che
828 730 888 776 ρι’ἲι
915 733 948 765 la
971 733 1094 776 percle,
1114 731 1189 777 ipsa
1209 731 1365 778 cognitio
1388 742 1470 767 mea
1496 732 1515 751 ²¹<
1531 731 1687 767 verbum

514 796 689 835 vestrum,
709 796 837 836 quanto
859 789 922 837 ρῑῖι
948 793 974 826 s'
990 793 1109 827 αιίιια.ρ
1131 791 1231 836 idest,
1260 792 1376 838 magis
1403 792 1528 827 nititur
1557 792 1687 828 intelli-

510 863 598 900 gere
613 853 631 873 ‘³²
650 850 681 896 Οἵ
704 853 822 898 ipsum
843 852 1025 887 verbum?
1044 853 1087 887 Et
1109 852 1202 888 bene
1226 852 1321 898 dicit,
1341 853 1427 898 quia
1447 856 1583 898 quanto
1603 852 1684 898 quis

514 913 627 959 magis
655 916 809 947 conatur
837 922 1062 958 cognoscere
1082 912 1202 948 divina
1230 912 1374 958 eloquia
1401 923 1466 958 per
1493 912 1686 957 naturalia,

512 976 611 1007 tanto
640 972 756 1018 magis
783 972 1018 1007 confunditur
1045 972 1260 1019 ignorantia.
1280 973 1323 1007 Et
1345 972 1465 1008 subdit
1484 972 1689 1018 responsio-

513 1042 596 1067 nem
624 1031 796 1067 Beat1·icis
824 1031 868 1066 ad
896 1031 1001 1067 istam
1029 1032 1239 1078 petitionem
1269 1043 1387 1078 suam,
1414 1033 1555 1069 dicens:
1583 1034 1687 1076 disse,

513 1092 571 1127 illa
599 1091 757 1137 Beati-ix,
785 1092 853 1127 hoc
882 1091 961 1127 ideo
983 1092 1112 1127 accidit
1139 1092 1213 1137 tibi,
1229 1091 1357 1137 perche*
1386 1094 1546 1128 conoscln'
1575 1093 1688 1136 quella

513 1154 646 1196 scuola,
667 1151 768 1197 idest,
794 1155 987 1198 poetarum
1007 1155 1043 1187 et
1062 1152 1373 1198 philosophorum,
1389 1153 1483 1187 c'leai
1504 1154 1688 1197 seym'cata,

515 1211 717 1248 recedendo
744 1222 766 1247 a
794 1222 865 1256 me,
894 1215 934 1246 ut
961 1212 1054 1247 bene
1080 1216 1257 1257 sequatur
1283 1212 1356 1257 tibi,
1376 1224 1393 1247 e
1412 1215 1512 1256 veyyc’
1528 1223 1593 1247 sua
1612 1214 1689 1248 dot-

514 1275 622 1317 trae‘na,
652 1272 753 1317 idest,
782 1271 969 1308 scientiam
997 1272 1176 1318 poeticam
1205 1276 1239 1308 et
1268 1273 1563 1318 philosophicam,
1595 1283 1690 1308 come

511 1334 730 1378 po'seyue'car
744 1334 779 1367 Ια
795 1334 864 1367 mia
876 1335 1020 1377 parvola,
1033 1333 1133 1378 idest,
1147 1343 1271 1368 meum
1289 1333 1387 1378 loqui
1403 1333 1578 1379 divinum,
1590 1333 1688 1379 quod

513 1393 633 1429 differt
651 1393 696 1428 ab
720 1394 882 1429 humano
902 1397 1082 1439 quantum
1102 1394 1236 1429 coelum
1257 1404 1278 1429 a
1298 1397 1414 1438 terra,
1443 1393 1539 1429 unde
1561 1393 1657 1438 dicit,
1672 1403 1690 1428 e

514 1456 614 1499 veyya'
633 1458 751 1489 vostra
782 1456 850 1497 via,
868 1453 967 1499 idest,
988 1464 1200 1500 processum
1229 1454 1388 1490 scientiae
1416 1454 1603 1499 naturalis,
1631 1464 1689 1489 co-

513 1518 607 1549 lanto
626 1515 752 1556 dessslar,
771 1513 873 1557 idest,
892 1513 1120 1549 differentem
1136 1524 1226 1558 esse,
1246 1515 1344 1549 dalla
1358 1515 1491 1557 divitia,
1513 1518 1644 1558 quanto
1663 1515 1688 1548 il

513 1576 576 1609 ciel
587 1575 645 1609 che
656 1571 714 1618 μιίὶ
729 1574 799 1608 alto
811 1575 951 1618 festina,
967 1573 1068 1617 idest,
1087 1573 1248 1619 primum
1264 1574 1397 1609 mobile
1412 1574 1509 1619 quod
1525 1574 1687 1610 velocius

514 1637 685 1669 movetur
713 1634 747 1668 in
775 1644 841 1668 sua
871 1633 1108 1678 revolutione,
1136 1635 1166 1668 sc?
1191 1634 1357 1668 discorda
1382 1636 1429 1668 (Ια
1454 1638 1564 1679 terra,
1585 1635 1687 1679 idest,

513 1694 632 1730 differt
647 1694 681 1728 in
697 1693 885 1739 qualitate,
901 1694 1104 1739 quantitate
1119 1697 1154 1729 et
1170 1698 1335 1729 motu.—-
1348 1696 1488 1730 Ond’io.
1504 1695 1568 1730 Hic
1583 1698 1688 1741 poeta

515 1754 614 1800 ponit
641 1754 913 1800 responsionem
942 1765 1047 1789 suam
1072 1753 1106 1789 in
1127 1765 1199 1799 qua
1219 1765 1284 1800 pro
1303 1755 1358 1789 sui
1378 1755 1615 1792 excusatione
1634 1755 1688 1791 vi-

515 1814 622 1849 detur
650 1824 798 1860 negare,
819 1814 915 1859 quod
940 1818 1061 1850 tamen
1084 1814 1161 1860 jam
1190 1814 1375 1850 confessus
1402 1819 1456 1850 est
1479 1826 1602 1861 supra,
1621 1816 1690 1852 sci-

516 1874 607 1918 licet,
635 1874 733 1919 quod
761 1885 952 1920 nunquam
981 1874 1141 1910 deseruit
1172 1874 1375 1910 Beatricem
1405 1878 1552 1921 propter
1579 1875 1686 1920 alias3

515 1935 612 1970 unde
638 1934 744 1970 dicit:
778 1936 913 1969 Ond'z'o
939 1936 1068 1979 risposi
1093 1936 1147 1979 lei,
1173 1934 1321 1979 scilicet,
1342 1935 1514 1971 Beatrici:
1542 1946 1612 1971 non
1641 1938 1689 1971 mi

513 1996 659 2030 ricorcla
686 1996 736 2029 cle’
752 1996 784 2029 io
811 1996 995 2030 straviassc‘
1020 2005 1073 2030 me
1094 1996 1265 2039 qiammac‘
1290 1996 1337 2029 cla
1363 1996 1429 2040 voi,
1449 1995 1553 2040 quasi
1581 1995 1687 2040 dicat,

515 2055 588 2090 imo
608 2066 754 2101 semper
773 2056 883 2091 habui
905 2056 1123 2103 theologiam
1140 2066 1205 2101 pro
1221 2055 1385 2090 nobiliori
1405 2055 1553 2091 scientia
1567 2056 1688 2091 omni-

513 2115 581 2150 bus
607 2115 694 2159 aliis,
723 2114 767 2150 ne*
790 2117 902 2151 homae
929 2117 1121 2151 coscienzia
1147 2117 1205 2150 che
1232 2117 1409 2159 rimorda‚
1427 2115 1573 2161 scilicet,
1602 2126 1686 2152 me:

513 2178 567 2211 est
594 2175 691 2210 enim
723 2176 941 2212 conscientia
970 2176 1027 2212 lex
1056 2176 1260 2212 intellectus
1289 2176 1400 2212 nostri
1435 2180 1470 2212 et
1506 2176 1687 2212 dictamen

577 2307 592 2337 (J
622 2307 656 2329 Le
674 2307 760 2336 parole
780 2307 817 2330 fra
836 2307 842 2329 i
860 2307 909 2330 due
927 2308 1058 2331 asterischi
1071 2314 1134 2331 sono
1146 2307 1256 2337 supplite
1274 2308 1314 2331 dai
1331 2308 1417 2331 Codici
1434 2307 1582 2331 Strozziano
1601 2314 1614 2331 e
1634 2310 1687 2333 117.
