1766 2856
515 227 585 258 284
874 230 1079 255 COMENTUM
1106 229 1325 255 PURGATonn

514 306 605 341 sicut
633 305 910 349 Hieronymum,
937 302 1184 349 Augustinum
1212 306 1292 346 etc.,
1320 303 1378 336 che
1405 312 1515 346 acqua
1535 300 1553 337 e*
1570 306 1690 347 questa

512 367 570 400 che
596 367 626 400 si
651 366 795 408 (lisleya,
824 363 925 408 idest,
953 362 1118 408 solvitur,
1152 363 1208 398 vel
1241 362 1443 398 secundum
1471 362 1578 398 aliam
1609 363 1689 398 lite-

515 436 605 469 ram,
632 426 662 459 si
687 425 842 468 dispieya
869 425 927 467 qui
953 424 999 458 da
1027 433 1073 457 un
1096 424 1282 467 principia,
1311 422 1372 457 ubi
1409 426 1462 458 est
1490 423 1685 458 thesaurus

514 490 549 521 et
567 484 667 530 copia
687 494 870 529 aquarum
890 483 1184 528 indeficientium,
1205 494 1221 517 e
1240 480 1277 517 se*
1290 484 1336 517 cla
1354 479 1393 517 se*
1408 484 1580 518 loncana?
1599 483 1685 528 quia

517 554 649 591 magno
672 544 785 590 spatio
805 544 1025 589 elongantur
1051 543 1096 578 ab
1125 543 1280 578 invicem
1300 542 1367 577 ista
1394 542 1557 587 flumina,
1581 546 1617 578 et
1635 543 1689 578 al—

516 608 637 640 terum
665 603 811 649 quidem
845 603 956 638 tendit
992 613 1120 639 versus
1147 603 1340 647 orientem,
1367 602 1525 638 alterum
1561 613 1689 638 versus

515 663 763 699 occidentem?
790 664 831 698 Et
850 663 970 698 subdit
991 663 1265 709 responsionem
1285 662 1458 698 Beatriois
1478 673 1561 708 quae
1585 673 1689 699 com-

516 724 621 759 mittit
651 724 766 759 vicem
795 734 899 758 suam
919 723 1022 758 alteri
1042 723 1198 758 dominae
1218 733 1300 768 quae
1319 723 1480 758 declarat
1503 723 1620 769 ipsum
1644 723 1689 759 de

516 795 555 820 re
583 784 709 830 petita,
737 784 820 818 dicit
848 794 957 830 ergo:
978 785 1066 818 delto
1089 785 1135 818 mi
1152 785 1206 828 fu,
1225 783 1370 828 scilicet,
1389 794 1410 818 a
1430 784 1606 828 Beatrice,
1624 794 1689 828 per

514 846 605 880 cola!
626 854 751 888 preyo,
779 843 879 888 idest,
900 843 985 888 quia
1009 847 1082 878 tam
1102 843 1302 878 affectuose
1321 853 1540 889 rogaveram
1561 844 1688 889 ipsam,

511 915 623 949 preya
647 905 813 946 flamma,
832 903 1016 938 dominam
1038 913 1120 948 quae
1146 903 1313 948 sequitur
1333 913 1403 948 me,
1423 905 1482 938 Clle
1500 905 1524 938 'l
1549 905 1573 938 ta·
1598 905 1687 939 dica.

513 965 555 999 Et
582 964 638 999 hic
666 967 762 1008 nota,
785 964 912 1007 lector,
932 963 1029 1008 quod
1058 963 1190 999 merito
1212 963 1357 999 Beatrix
1382 963 1574 998 committit
1596 964 1691 999 istud

514 1023 700 1070 negotium
739 1024 893 1058 Mathildi
923 1028 1112 1068 tamquam
1153 1034 1229 1058 suae
1267 1023 1499 1070 negotiorum
1532 1024 1690 1070 gestrici,

517 1094 600 1129 quae
623 1084 700 1130 Jam
730 1087 910 1119 merserat
937 1086 1081 1129 poetam
1111 1083 1146 1117 in
1173 1083 1333 1128 Lethaeo,
1360 1086 1395 1118 et
1422 1093 1520 1119 nunc
1548 1087 1691 1130 merget

517 1144 633 1190 ipsum
663 1144 697 1178 in
724 1144 869 1179 Eunoe:
891 1143 956 1178 fuit
975 1143 1071 1179 enim
1093 1143 1226 1178 mulier
1244 1143 1361 1178 activa
1381 1144 1538 1180 multum
1562 1148 1598 1180 et
1618 1144 1691 1179 vir-

515 1209 635 1240 tutum
663 1205 832 1249 amatrix,
856 1204 901 1240 de
928 1215 999 1250 qua
1023 1205 1100 1250 Jam
1130 1204 1259 1239 totiens
1286 1204 1380 1239 facta
1407 1207 1461 1239 est
1488 1204 1626 1240 mentio
1654 1208 1690 1240 et

515 1265 783 1300 commendatio
811 1274 955 1311 magna.
984 1264 1053 1299 Sed
1081 1274 1178 1299 nunc
1202 1263 1258 1298 hic
1282 1263 1410 1298 ultimo
1433 1274 1605 1310 expresse
1624 1275 1690 1300 no—

516 1324 628 1359 minat
655 1335 734 1360 eam
764 1324 809 1360 de
836 1335 909 1370 qua
937 1324 1154 1359 novissimus
1181 1327 1287 1369 poeta
1312 1324 1506 1360 Petrarcha
1534 1325 1570 1360 in
1597 1336 1689 1371 qua-

513 1384 595 1419 dam
626 1385 775 1430 epistola
802 1384 955 1430 loquens
989 1384 1033 1420 de
1070 1384 1284 1419 mulieribus
1316 1384 1423 1419 claris
1458 1385 1565 1420 dicit:
1593 1385 1691 1431 apud

514 1455 578 1479 nos
601 1455 719 1490 nuper
738 1456 810 1479 non
830 1444 1001 1490 exiguam
1019 1444 1193 1479 Mathildis
1215 1444 1398 1480 comitissa
1418 1448 1559 1490 partem
1578 1445 1690 1481 ltaliae

513 1505 688 1550 possedit:
709 1508 743 1540 et
763 1505 838 1550 ipsa
867 1505 1007 1540 romani
1031 1504 1172 1550 imperii
1193 1515 1264 1539 non
1287 1504 1375 1540 levis
1398 1505 1532 1540 aemula
1552 1509 1587 1541 et
1606 1516 1690 1551 quae

513 1564 605 1599 virili
633 1565 756 1600 animo
784 1564 875 1599 bella
903 1567 1089 1608 tractaret,
1118 1564 1310 1609 imperiosa
1336 1564 1369 1599 in
1393 1575 1490 1609 suos,
1510 1565 1546 1599 in
1569 1565 1690 1601 hostes

514 1625 704 1669 acerrima,
734 1623 983 1659 liberalissima
1003 1623 1038 1658 in
1062 1623 1210 1668 amicos,
1231 1624 1335 1658 cuius
1355 1624 1540 1669 profusam
1558 1621 1593 1669 (¹)
1623 1625 1690 1660 soe-

515 1684 673 1719 mineam
703 1683 908 1729 largitatem
939 1693 1090 1718 romana
1118 1683 1152 1718 in
1181 1683 1306 1728 primis
1341 1687 1494 1719 testatur
1523 1684 1687 1720 ecclesia.

515 1745 611 1791 Ergo
638 1745 731 1779 bene
758 1744 822 1779 ista
853 1744 1042 1790 reponitur
1071 1743 1234 1778 ministra
1262 1754 1453 1779 sacrarum
1474 1755 1600 1780 rerum
1629 1755 1690 1781 ec-

514 1805 642 1841 clesiae.
672 1805 714 1839 Et
744 1804 864 1839 subdit
892 1804 1163 1850 responsionem
1192 1804 1366 1840 Matliildis
1399 1805 1444 1840 ad
1471 1804 1688 1851 Beatricem,

514 1865 655 1901 dicens:
684 1876 701 1899 e
728 1866 763 1899 la
789 1865 876 1899 bella
903 1865 1036 1907 donna,
1064 1864 1209 1909 scilicet,
1238 1864 1425 1909 Mathildis,
1457 1866 1590 1909 rispose
1617 1866 1688 1909 qui,

514 1925 616 1970 idest,
635 1925 679 1960 ad
707 1924 844 1959 dictum
872 1924 1056 1969 Beatricis,
1076 1935 1171 1959 come
1185 1927 1225 1970 sa
1244 1926 1297 1959 chi
1314 1927 1344 1960 si
1361 1926 1494 1969 ‹lisleya
1518 1926 1554 1960 di
1570 1926 1689 1970 colpa:

515 1985 593 2019 vult
624 1984 745 2020 dicere
780 1984 877 2030 quod
912 1984 1087 2019 Matliildis
1115 1984 1299 2030 respondit
1331 1984 1376 2019 ad
1413 1985 1687 2020 excusationem

514 2045 581 2090 sui,
610 2055 655 2080 ne
682 2044 869 2091 negligens
896 2044 1093 2089 videretur,
1122 2044 1219 2090 quod
1248 2044 1497 2090 turpissimum
1530 2049 1626 2081 esset
1653 2045 1689 2080 in

514 2104 659 2139 domina
687 2105 822 2149 activa3
850 2108 886 2141 et
913 2104 1020 2140 dixit:
1048 2108 1176 2149 questo,
1208 2104 1305 2150 quod
1333 2104 1420 2150 petit
1446 2104 1491 2140 de
1517 2115 1626 2150 aqua,
1659 2110 1691 2140 ec

514 2166 602 2199 altre
628 2175 717 2208 cose,
742 2165 836 2200 sicut
862 2165 907 2201 de
935 2168 1054 2210 vento,
1079 2166 1165 2200 delle
1192 2166 1216 2200 lc·
1241 2175 1305 2199 son
1328 2176 1394 2209 per
1421 2175 1486 2208 me,
1515 2165 1607 2201 sicut
1626 2176 1689 2212 pa-

578 2293 604 2322 (¹)
622 2293 651 2317 E.
669 2301 683 2317 e
704 2296 754 2319 117,
773 2297 796 2317 οι
816 2294 951 2325 plusquam
970 2294 1125 2319 soemineam.
