1766 2856
480 241 553 273 474
876 243 1082 269 COMENTUM
1109 243 1276 268 PARADISI

478 320 575 355 Deus
603 318 709 364 elegit
737 320 937 361 utramque
965 316 1062 351 viam
1091 326 1157 361 pro
1185 314 1341 359 meliori,
1369 315 1510 351 dicens:
1539 325 1598 350 ma
1628 316 1663 350 la

478 381 597 415 divina
624 372 727 412 bonld
755 378 813 411 che
832 378 855 411 'l
881 377 1009 411 mondo
1037 377 1223 420 imprenta,
1250 375 1352 421 idest,
1376 375 1548 411 informat
1567 378 1664 411 tam-

478 449 589 484 quam
618 437 771 473 formale
804 437 1035 483 principium,
1066 438 1106 482 fu
1139 440 1299 471 contenta
1332 437 1369 471 di
1395 438 1568 481 procedet·
1599 447 1664 481 per

478 504 556 535 little
583 501 612 534 le
638 509 697 533 sete
725 499 789 541 vie,
816 497 951 533 scilicet
972 497 1152 543 justitiam
1173 500 1209 533 et
1230 497 1517 533 misericordiam
1544 496 1664 532 infini—

479 564 564 604 tam,
592 570 615 594 α
641 559 811 594 νὶῐθυαιύί
835 569 938 603 321305
966 561 1002 593 et
1028 567 1115 593 ecce
1143 568 1294 593 causam
1323 557 1512 603 optimam,
1533 555 1664 602 perche*

477 622 497 655 Γ
513 631 604 665 opra
631 618 651 655 e*
675 623 770 654 tanco
791 616 855 663 pi&
881 619 1039 662 wadila,
1070 617 1171 662 idest,
1191 618 1350 653 habetur
1375 617 1571 664 gratiosior
1598 618 1665 653 ho-

478 681 649 725 minibus,
677 681 955 724 dall'opethle,
982 679 1084 723 idest,
1112 679 1158 713 ab
1185 682 1329 725 agente,
1359 683 1488 722 quanio
1509 676 1572 723 ρι’ἲι
1599 688 1665 723 ap-

474 745 651 787 presenlsz,
682 741 785 785 idest,
813 740 1051 784 demonstrat,
1080 741 1171 775 della
1199 735 1303 774 bonai
1330 741 1387 774 del
1411 750 1528 785 cuore,
1559 739 1663 785 idest,

477 802 601 846 animi,
629 802 791 836 oml'ella
826 799 845 836 e*
877 802 997 845 usella,
1029 800 1130 845 idest,
1158 811 1178 836 a
1212 810 1286 846 qno
1314 800 1500 846 processit.
1534 800 1576 835 Et
1607 800 1665 835 hic

478 866 561 897 nota
591 861 688 907 quod
716 861 743 895 si
772 861 855 896 licet
883 871 1103 906 comparare
1131 862 1294 896 hnmana
1321 860 1451 896 divinis
1478 860 1664 907 Galengus

478 926 601 958 noster
629 922 771 957 italicus
800 921 1026 968 justissimus
1058 922 1245 968 legislator
1280 922 1373 957 hane
1402 921 1497 957 viam
1527 921 1662 966 tenuit,

477 983 650 1029 quoniam
676 982 891 1018 mirabiliter
919 985 954 1017 et
982 982 1120 1027 pariter
1139 993 1228 1017 usus
1251 981 1462 1028 estjustitia
1490 985 1527 1017 et
1554 981 1664 1017 mise-

477 1043 645 1088 ricordia,
674 1043 722 1078 ita
749 1042 848 1088 quod
877 1053 948 1077 non
978 1042 1125 1077 violavit
1148 1042 1326 1088 justitiam
1349 1045 1497 1088 propter
1521 1042 1665 1078 miseri-

477 1104 651 1148 cordiam,
669 1113 735 1139 nec
756 1102 1043 1138 misericordiam
1066 1105 1214 1148 propter
1229 1102 1421 1148 justitiam.
1439 1103 1531 1138 Cum
1552 1102 1663 1147 enim,

477 1168 516 1199 ut
537 1167 661 1199 narrat
682 1164 919 1210 philosophus
940 1163 1059 1209 primo
1074 1163 1325 1208 Politicorum,
1342 1163 1521 1198 sanxisset
1544 1163 1663 1210 legem

477 1229 517 1260 ut
545 1225 690 1260 adulter
711 1228 870 1270 utroque
892 1225 1001 1259 oculo
1024 1224 1245 1269 privaretur,
1267 1223 1337 1259 [ilio
1358 1223 1505 1269 proprio
1526 1224 1587 1269 qni
1609 1224 1664 1258 in-

476 1285 613 1321 ciderat
641 1285 676 1320 in
704 1285 835 1331 legem,
864 1295 949 1320 cnm
983 1284 1043 1319 diu
1078 1284 1113 1319 in
1152 1284 1273 1330 rigore
1309 1283 1544 1329 pertinaciter
1579 1294 1664 1330 per-

478 1346 678 1390 mansisset,
698 1345 844 1380 tandem
865 1345 1029 1390 placatus
1049 1344 1220 1390 precibus
1239 1344 1406 1379 omnium
1428 1344 1524 1379 eruit
1545 1355 1663 1379 unum

475 1407 624 1442 oculum
654 1406 726 1441 filio
753 1406 911 1441 alterum
941 1405 1027 1450 sibi,
1052 1405 1099 1440 ita
1127 1408 1288 1440 aeternus
1306 1405 1422 1451 judex
1438 1404 1664 1451 justissimus

476 1468 660 1513 legislator
687 1467 748 1502 diu
778 1477 907 1502 severe
936 1466 1009 1512 egit
1036 1469 1163 1501 contra
1186 1476 1304 1513 genus
1325 1467 1530 1501 humanum
1556 1475 1663 1501 reum

477 1527 604 1562 mortis
633 1530 781 1572 propter
808 1530 1002 1572 peccatum
1032 1526 1139 1572 primi
1168 1526 1328 1572 parentis
1359 1537 1380 1561 a
1416 1526 1572 1561 muliere
1599 1525 1664 1561 de-

476 1588 588 1633 cepti,
617 1590 652 1623 et
671 1587 828 1622 finaliter
851 1587 1021 1633 precihus
1042 1587 1165 1621 multis
1179 1587 1368 1632 justorum
1393 1591 1429 1622 et
1448 1590 1663 1622 sanctorum

476 1652 624 1694 patrum
645 1659 734 1683 usus
753 1651 807 1682 est
822 1647 962 1693 justitia
984 1651 1019 1682 et
1039 1647 1288 1682 misericordia
1306 1647 1435 1682 Filium
1457 1658 1566 1682 suum
1594 1648 1664 1682 hu-

478 1707 649 1743 miliando
677 1708 721 1742 ad
750 1707 1040 1742 incarnationem
1069 1711 1105 1742 et
1134 1707 1351 1752 passionem.
1370 1727 1418 1732 —
1434 1705 1494 1742 Ne'.
1518 1708 1582 1743 Hie
1606 1708 1664 1742 ul—

477 1767 566 1802 timo
594 1767 739 1803 Beatrix
775 1767 985 1813 magnificat
1018 1770 1054 1802 et
1089 1767 1342 1812 superextollit
1377 1767 1474 1802 hunc
1510 1768 1663 1803 modum

477 1828 678 1863 redimendi
702 1827 931 1863 excludendo
951 1837 1100 1862 omnem
1120 1827 1232 1861 alium
1256 1827 1419 1862 modum.
1442 1827 1532 1863 Dicit
1551 1838 1662 1875 ergo:

478 1887 529 1923 Ne*
554 1885 581 1923 si
611 1890 681 1923 alto
709 1900 726 1923 e
752 1885 780 1923 si
808 1889 994 1932 maym‘fico
1021 1898 1199 1932 processo,
1226 1898 1311 1923 eum
1341 1891 1440 1924 tanta
1469 1889 1660 1936 magnani-

477 1949 603 1984 mitate
630 1953 666 1985 et
694 1949 922 1993 liberalitate,
943 1951 995 1994 fu,
1015 1949 1060 1984 de
1080 1949 1276 1994 praeterito,
1297 1949 1434 1984 scilicet
1456 1959 1520 1995 per
1544 1953 1661 1985 totum

477 2013 620 2055 tempus
648 2009 737 2056 legis
766 2013 907 2044 naturae
935 2013 971 2045 et
999 2009 1088 2055 legis
1117 2009 1321 2054 scripturae,
1341 2020 1361 2043 o
1377 2011 1434 2054 sie,
1457 2009 1603 2054 scilicet,
1626 2010 1661 2045 in

477 2070 601 2105 futuro
628 2080 693 2116 per
722 2073 840 2105 totum
870 2073 1013 2116 tempus
1036 2070 1177 2116 gratiae,
1196 2081 1299 2114 oper
1321 2071 1423 2104 [ἰιηα
1451 2081 1472 2104 o
1494 2081 1560 2114 per
1579 2071 1662 2105 [ἀί-

477 2133 543 2174 tro,
577 2130 676 2175 idest,
706 2141 770 2176 per
797 2130 894 2166 viam
918 2131 1069 2176 justitiae
1096 2131 1154 2166 vel
1188 2130 1458 2175 misericordiae,
1488 2134 1543 2164 tra
1571 2132 1662 2166 Γαί-

477 2192 559 2224 lima
582 2195 683 2234 nolte,
705 2191 739 2225 in
756 2188 791 2235 Ul
813 2191 921 2226 finem
947 2191 1085 2235 mundi,
1105 2203 1122 2225 e
1141 2192 1166 2225 il
1179 2192 1296 2235 primo
1315 2192 1382 2235 (lie,
1406 2190 1506 2235 idest,
1528 2191 1661 2236 princi-

539 2322 565 2351 (Ὁ
584 2322 612 2345 E.
630 2328 644 2344 e
662 2325 684 2351 ⁴⁷,
702 2322 767 2346 idest
785 2323 871 2346 finem.
