1766 2856
489 237 560 268 492
883 239 1089 265 COMENTUM
1115 239 1281 263 PARAD1S¹

486 316 530 352 de
548 315 695 358 Ursinis,
713 322 823 358 quem
847 311 1025 347 sentiebat
1044 310 1182 346 habere
1200 310 1367 345 animum
1388 310 1559 346 infestum
1579 320 1669 346 con-

487 380 542 412 tra
562 373 752 417 Carolum3
781 375 817 407 et
844 371 964 417 ipsum
992 381 1151 416 pronum
1179 370 1214 405 in
1242 380 1348 406 suam
1373 370 1591 406 sententiam
1615 370 1669 406 fa-

486 435 600 471 ciliter
624 433 732 468 traxit
755 442 889 478 magna
908 430 1066 477 potentia
1086 430 1232 477 linguae,
1248 430 1311 466 sed
1331 430 1472 466 maiore
1490 431 1665 477 pecuuiae.

487 496 527 530 Et
554 494 728 530 contiuuo
755 493 859 528 laetus
887 495 922 527 et
950 491 1116 538 impiger,
1145 501 1318 527 reversus
1337 491 1373 526 in
1394 491 1552 527 Siciliam
1580 501 1669 527 con—

487 555 603 591 socios
630 553 871 598 confirmavit,
901 556 937 588 et
963 552 1204 587 animosiores
1238 551 1400 597 reddidit,
1436 551 1614 598 recipiens
1646 563 1667 588 a

487 616 636 662 siugulis
673 615 916 650 instrumenta
945 623 1030 648 cum
1064 613 1193 648 anulis.
1231 613 1415 648 Reversus
1450 613 1496 648 ad
1531 613 1667 659 Papam

486 677 585 722 dixit,
614 676 712 722 quod
740 676 808 711 tria
841 678 944 710 eraut
979 674 1184 709 necessaria
1220 674 1265 709 ad
1301 678 1375 709 tam
1409 673 1514 709 ardui
1550 673 1671 719 operis

487 737 812 783 complementum,
840 735 975 770 scilicet
1010 745 1210 770 consensus
1242 735 1320 770 eius
1348 735 1384 770 in
1421 734 1572 780 scriptis,
1608 744 1672 780 pe—

489 798 607 843 cunia,
628 800 661 833 et
681 807 770 843 gens
798 795 974 830 militaris.
1003 796 1046 830 Et
1072 806 1159 831 cum
1187 795 1323 831 auxilia
1346 795 1555 842 excogitata
1578 794 1672 830 indi-

487 861 613 902 casset,
648 856 804 892 obtentis
838 856 950 891 literis
981 866 1003 892 a
1036 856 1143 902 Papa,
1174 856 1411 892 transvolavit
1439 856 1484 891 ad
1517 856 1667 891 Petrum

490 928 616 964 regem
643 917 870 963 Aragonum,
891 916 1077 962 quondam
1103 917 1277 952 Mausredi
1305 927 1500 964 generum,
1520 915 1668 951 avidum

488 978 643 1023 ultiouis,
672 978 810 1013 virtute
833 977 945 1012 animi
971 981 1007 1012 et
1029 977 1169 1012 viribus
1195 977 1358 1023 corporis
1379 977 1466 1012 nulli
1491 987 1559 1012 suo
1579 980 1672 1012 tem-

486 1049 575 1085 pore
602 1038 819 1082 secundum,
840 1037 899 1072 cui
927 1037 1051 1073 omnia
1072 1038 1242 1083 exposuit
1263 1041 1496 1083 pertractata.
1517 1037 1560 1072 Et
1586 1046 1673 1082 pro-

487 1099 597 1134 missa
624 1098 779 1144 pecunia
808 1109 874 1144 pro
902 1098 1049 1144 negotio
1075 1098 1307 1144 adimplendo
1335 1109 1419 1133 cum
1444 1097 1556 1133 literis
1577 1096 1672 1143 regis

487 1159 706 1195 continuatis
733 1154 899 1202 dit-iisd),
918 1158 996 1204 jain
1024 1158 1152 1204 plenus
1179 1169 1242 1204 spe
1269 1159 1452 1193 ‚lohannes
1480 1156 1672 1203 magnani-

488 1231 570 1255 mus
602 1219 812 1265 properarit
844 1219 887 1254 ad
920 1219 1186 1264 Imperatorem
1225 1218 1671 1264 constantinopolitanum,

487 1280 593 1316 cuius
621 1290 680 1315 res
707 1279 900 1325 agebatur,
928 1279 1015 1324 quia
1042 1279 1195 1314 Carolus
1217 1279 1294 1325 jam
1328 1289 1463 1325 magna
1497 1278 1612 1313 classe
1637 1281 1674 1313 et

489 1350 689 1376 numeroso
716 1339 881 1375 exercitu
911 1339 1107 1385 imperium
1138 1339 1217 1375 eius
1244 1339 1395 1385 parabat
1424 1338 1611 1383 invadere,
1636 1341 1674 1373 et

488 1400 657 1446 sperabat
686 1400 858 1444 auserre3
896 1399 978 1435 ideo
1013 1399 1196 1435 Johannes
1232 1399 1277 1434 de
1314 1399 1481 1434 habenda
1517 1398 1672 1444 pecunia

488 1461 604 1496 sactus
622 1470 788 1505 securuS,
807 1459 853 1495 ad
872 1469 999 1506 regem
1020 1459 1233 1506 Aragonum
1254 1462 1308 1495 est
1328 1469 1511 1504 reversus,
1531 1462 1567 1494 et
1585 1468 1670 1494 cum

488 1521 547 1556 illo
574 1520 791 1566 composuit,
821 1531 866 1555 ne
894 1520 1046 1556 Carolus
1073 1519 1208 1565 aliquid
1237 1519 1500 1565 suspicaretur,
1520 1522 1559 1554 ut
1578 1529 1618 1554 se
1637 1518 1673 1553 in

488 1581 644 1616 Africam
675 1584 802 1616 contra
829 1580 1088 1627 Carthaginem
1117 1591 1202 1616 cum
1231 1580 1397 1616 exercitu
1420 1580 1514 1616 velle
1533 1580 1586 1615 ire
1605 1579 1673 1614 fin-

487 1645 611 1688 geret3
640 1645 676 1675 et
703 1641 753 1676 sic
779 1641 978 1676 auxiliares
1006 1640 1256 1676 mercenarios
1283 1644 1319 1675 et
1347 1640 1508 1675 subditos
1541 1639 1673 1675 milites

490 1704 717 1747 procuraret.
734 1701 831 1746 Papa
851 1701 1017 1736 omnium
1038 1700 1204 1736 conscius
1228 1700 1422 1746 praestabat
1442 1700 1488 1734 illi
1509 1700 1672 1735 savorem

489 1761 557 1796 sub
578 1761 660 1796 ficto
680 1762 803 1796 colore
828 1761 908 1796 fidei
927 1761 1144 1796 christianae.
1167 1760 1268 1807 Rege
1291 1760 1438 1795 tandem
1460 1762 1675 1795 transeunte

489 1832 619 1857 versus
638 1821 808 1866 Africam,
824 1821 1007 1856 Johannes
1027 1821 1170 1856 rediens
1189 1821 1224 1855 in
1245 1820 1402 1856 Siciliam
1424 1820 1555 1865 effecit,
1575 1819 1673 1865 quod

489 1892 548 1918 res
576 1886 676 1917 tauto
705 1882 830 1917 labore
857 1885 893 1917 et
920 1881 1055 1917 sudore
1077 1885 1252 1927 concepta
1274 1881 1542 1927 produceretur
1561 1881 1596 1916 in
1615 1880 1674 1915 lu-

488 1952 569 1978 cem
604 1946 641 1978 et
673 1945 832 1988 partum.
868 1942 970 1977 Unde
1004 1942 1107 1977 siculi
1143 1942 1387 1988 praeordinata
1419 1941 1477 1977 die
1513 1945 1550 1977 et
1582 1941 1672 1976 hora

488 2013 616 2039 omnes
643 2002 791 2049 gallicos
820 2002 1068 2039 indifferenter
1097 2003 1329 2039 trucidarunt
1355 2003 1433 2038 sine
1464 2002 1674 2038 misericor-

487 2064 564 2110 dia,
593 2064 707 2099 immo
735 2064 861 2099 surore
884 2064 1086 2100 inhumano
1106 2064 1141 2099 in
1162 2064 1326 2099 noudum
1347 2067 1451 2099 natos
1474 2062 1673 2099 crudeliter

487 2125 678 2160 saevientes
706 2124 822 2160 scissis
851 2124 1136 2177 praegnantibus,
1165 2124 1275 2160 foetus
1293 2124 1338 2159 ad
1358 2134 1446 2159 saxa
1469 2123 1672 2168 alliserunt,

488 2196 534 2221 ne
555 2184 679 2220 odiosa
699 2184 750 2220 eis
768 2185 912 2221 soboles
931 2188 1137 2231 superesset
1160 2185 1196 2220 in
1216 2195 1341 2232 regno.
1362 2185 1406 2220 Et
1427 2194 1513 2220 ecce
1540 2184 1672 2219 Petrus

551 2317 577 2346 ζ’)
595 2317 625 2340 Ε.
643 2318 798 2340 continuatis
814 2317 911 2341 edictis.
