1737 2836
498 239 638 266 CANTUS
665 240 806 265 prunus.
1168 231 1236 263 317

63 315 212 361 inguine
227 314 330 359 infra,
346 317 381 349 et
395 313 565 360 precibus
584 313 739 348 deorum
759 311 989 347 marinorum
1007 310 1104 346 lotus
1121 310 1239 356 primo

63 375 178 410 multa
205 384 301 419 aqua
320 373 418 409 dulci
436 372 633 408 fluviorum
654 372 769 407 sactus
788 375 842 408 est
860 371 948 407 deus
969 371 1133 406 marinus
1155 381 1240 405 mu-

63 438 137 470 tata
165 434 199 469 in
233 433 362 469 melius
389 432 488 469 omni
515 432 633 478 prima
660 432 789 478 figura.
820 432 893 467 Hac
921 431 1024 466 brevi
1051 429 1238 477 praemissa

64 495 205 539 sabella,
225 504 321 530 nunc
349 493 548 538 considera,
570 493 694 537 lector,
715 495 894 537 quantum
924 492 1017 527 bene
1037 500 1241 537 repraesen—

65 559 116 591 tet
143 558 303 591 mentem
331 553 443 589 nostri
470 552 632 588 autoris:
661 562 745 587 nam
774 552 933 587 Glaucus
960 551 1118 596 piscator
1146 550 1240 596 figu-

65 615 190 650 raliter
217 618 271 650 est
299 617 404 660 poeta
425 614 571 658 Dantes,
592 612 654 658 qui
672 611 733 647 diu
758 611 877 647 fuerat
896 611 1052 657 piscatus
1081 610 1116 645 in
1143 620 1240 654 aqua

64 674 194 709 inserui
221 677 256 709 et
284 673 498 719 purgatorii,
526 676 561 708 et
588 671 734 708 tandem
763 674 980 717 pervenerat
1013 670 1058 705 ad
1090 673 1237 715 pratum

65 734 197 776 virens,
226 733 288 768 ubi
316 744 507 778 nunquam
536 732 655 768 fuerat
681 732 773 767 alius
801 735 918 778 poeta,
940 730 1076 766 scilicet
1102 729 1147 765 ad
1175 739 1240 774 pa—

65 794 226 830 radisum
254 793 481 838 deliciarum,
505 796 540 828 et
562 793 609 828 ihi
636 796 827 837 tamquam
855 791 1011 837 piscator
1038 790 1156 825 bonus
1175 799 1241 835 po—

65 858 189 890 suerat
216 854 381 890 homines
408 857 532 899 captos
567 862 738 889 sermone
770 862 850 897 suo7
878 851 941 897 qui
958 847 992 895 (¹)
1022 850 1106 886 facti
1132 849 1239 894 avidi,

63 918 209 961 gustata
236 924 330 950 nora
359 914 484 959 herba,
512 913 602 949 idest
629 912 806 957 doctrina,
831 922 913 957 quae
941 911 1135 956 hucusque
1161 909 1241 945 fue-

65 978 121 1010 rat
142 974 314 1010 inviolata
342 980 377 1011 et
405 974 550 1019 intacta7
570 973 801 1008 intraverunt
828 981 951 1016 mare3
971 974 1007 1007 et
1026 971 1100 1016 ipse
1122 980 1241 1005 nox-us

63 1034 222 1070 Glaucus
251 1034 376 1070 relicta
404 1037 502 1070 terra
531 1043 635 1069 more
661 1032 786 1068 Glauci
816 1032 931 1067 factus
958 1034 1011 1066 est
1037 1030 1156 1077 primo
1183 1040 1241 1065 se-

65 1094 217 1139 mideus,
243 1097 279 1129 et
300 1094 405 1139 plene
432 1096 467 1129 et
494 1093 653 1139 perfecte
672 1093 766 1128 lotus
793 1092 889 1127 dulci
916 1102 1013 1137 aqua
1040 1091 1238 1126 fluviorum

65 1153 219 1200 paradisi
247 1153 462 1189 deliciarum
489 1153 605 1189 factus
632 1156 686 1189 est
713 1153 803 1188 deus
830 1152 865 1187 in
894 1161 1027 1198 magno
1056 1150 1150 1185 mari
1177 1160 1241 1196 pa—

65 1214 172 1250 radisi
199 1224 284 1250 cum
312 1214 389 1249 aliis
416 1213 530 1250 beatis
557 1216 699 1249 mutata
727 1213 845 1248 forma
873 1212 1000 1257 primae
1033 1214 1174 1246 naturae
1203 1214 1239 1246 et

66 1275 164 1320 vitae3
193 1278 228 1310 et
256 1274 317 1310 ubi
345 1285 457 1320 parva
486 1273 569 1309 navi
596 1274 773 1309 hactenus
792 1274 937 1318 ceperat
958 1271 1073 1317 pisces
1094 1281 1239 1316 parvos,

65 1345 162 1370 nunc
189 1344 274 1370 cum
294 1344 429 1380 magno
449 1333 603 1380 navigio,
627 1332 717 1369 idest
743 1332 816 1368 alto
843 1331 988 1378 ingenio
1008 1331 1118 1366 intrat
1137 1340 1241 1365 mare

66 1405 255 1441 magnum,
283 1394 384 1439 idest,
413 1393 631 1440 profundam
664 1392 869 1437 materiam,
901 1392 937 1426 iu
967 1401 1041 1436 quo
1068 1390 1163 1436 capit
1190 1390 1243 1436 pi-

65 1465 144 1490 sces
177 1465 342 1501 magnos7
375 1453 465 1490 idest
497 1453 662 1489 homines
694 1452 883 1498 sapientes,
916 1451 1008 1486 sicut
1045 1450 1120 1496 ipse
1158 1460 1244 1496 pro-

65 1510 274 1558 testatur&
306 1514 341 1549 in
368 1513 541 1560 principio
568 1512 713 1559 capituli
742 1511 890 1547 secundi
917 1510 1112 1556 sequentis.
1140 1509 1244 1545 Nunc

64 1574 110 1610 ad
144 1574 285 1609 literam
318 1573 403 1609 dicit
434 1576 562 1609 autor:
595 1583 664 1619 ego
694 1573 839 1616 Dantes,
872 1572 918 1606 mi
948 1572 995 1616 sei
1025 1571 1076 1604 {al
1106 1571 1242 1613 deutra,

66 1634 212 1679 scilicet,
236 1633 432 1678 intellectu,
452 1633 537 1678 quia
565 1633 600 1667 in
622 1642 776 1678 corpore
804 1634 968 1666 mutatus
996 1640 1067 1665 non
1096 1632 1161 1674 est,
1189 1630 1246 1663 nel

65 1705 128 1729 suo
166 1698 313 1739 αερεῐίο,
348 1693 453 1738 idest,
489 1693 526 1728 in
564 1692 771 1739 aspectione
810 1690 998 1736 Beatricis7
1032 1691 1116 1735 qual
1147 1690 1178 1724 si>
1209 1691 1244 1734 fe

70 1755 213 1797 Glauco,
233 1753 388 1800 piscator
407 1752 582 1797 marinus,
602 1753 658 1787 nel
681 1755 804 1795 yustar
830 1750 1012 1794 clell'erba,
1040 1748 1180 1784 insolita
1208 1751 1244 1784 et

68 1813 234 1858 mirabili,
262 1814 320 1848 elce.
347 1814 370 1848 'l
404 1814 438 1858 se
469 1816 628 1847 consorte
654 1813 746 1856 degli
771 1813 854 1846 altri
879 1812 934 1846 (lei
958 1812 995 1845 in
1022 1820 1103 1844 mar
1117 1823 1131 1854 ;
1159 1818 1244 1854 qua}

68 1874 180 1910 herba
213 1873 294 1909 fecit
334 1883 421 1908 eum
455 1872 665 1918 participem
697 1871 889 1907 divinitatis
925 1873 960 1906 et
991 1868 1245 1904 immortalita-

68 1934 121 1970 tis.
143 1954 192 1959 —
217 1936 470 1968 Traszmzcmar.
503 1932 566 1968 Hic
597 1935 702 1977 poeta
738 1929 989 1976 superextollit
1020 1930 1113 1964 hanc
1139 1938 1244 1963 suam

69 1993 273 2029 mIrabilem
309 1992 664 2036 transmutationem,
697 2001 780 2036 quae
815 2000 887 2025 non
923 1992 1040 2034 potest
1074 1997 1245 2023 sermone

69 2053 251 2100 explicari,
273 2063 339 2089 nec
366 2052 444 2088 dari
472 2051 576 2087 alteri
595 2050 761 2096 intelligi3
782 2052 818 2085 et
836 2049 880 2084 ad
900 2048 1007 2083 liuius
1027 2048 1140 2083 literae
1159 2047 1244 2082 satis

69 2114 235 2150 obscurae
254 2113 538 2149 declarationem
554 2114 608 2147 est
624 2111 740 2157 primo
761 2108 1129 2156 praesupponendum,
1146 2107 1244 2153 quod

70 2174 210 2209 nullum
238 2174 374 2209 animal
402 2173 437 2208 in
465 2182 591 2208 rerum
615 2174 747 2206 natura
767 2172 908 2205 tantum
933 2169 1068 2205 recedit
1086 2171 1122 2204 et
1141 2168 1244 2203 elon-

134 2303 161 2333 (¹)
181 2306 200 2331 6,
219 2303 262 2333 qui
279 2303 365 2326 statim
383 2302 452 2326 sacti.
704 2300 731 2330 (²)
749 2303 771 2329 4,
791 2303 908 2324 testatur.
