1737 2836
378 272 514 298 CANTts
542 272 730 297 vasiMcs
757 272 938 297 SEPTIMUS.
1175 267 1190 297 1
1198 267 1241 297 47

70 345 188 379 cendio
213 355 321 379 senza
349 348 469 387 metro,
489 343 589 388 idest,
610 340 842 388 mensurafflssi.
864 344 904 378 Et
926 343 1018 379 bene
1042 343 1143 389 fingit
1161 344 1242 388 hoc,

71 404 155 449 quia
183 407 256 439 tam
277 404 377 439 sortis
396 404 486 450 ignis
505 403 663 449 exigitur
682 404 727 439 ad
747 405 1004 450 purgationem
1035 407 1142 439 tantae
1164 407 1243 438 tur-

70 463 248 509 pitudinis
277 464 346 499 Sed
374 467 498 499 contra
527 466 668 498 tantum
698 463 905 499 incendium
930 464 1103 499 continuo
1122 463 1243 499 subdit

71 523 276 559 remedium
306 523 451 569 Virgilii,
480 522 624 557 dicens:
653 524 686 557 lo
719 524 816 557 dolce
842 525 957 567 padre
984 526 1065 567 mio,
1094 534 1244 569 compa—

72 583 162 618 tiens
193 583 304 619 calori
338 593 420 618 meo
452 583 624 627 humano,
656 593 725 627 pm·
759 584 795 617 de*
828 585 985 617 Betui-tce
1016 585 1243 628 raytonamto

71 644 214 678 αηιίαυα
238 655 302 688 per
329 644 570 688 confortatam)
590 642 689 687 idest,
711 646 750 677 ut
769 652 886 678 essem
915 643 1014 677 sortis
1042 647 1077 678 et
1105 645 1243 689 patiens

72 703 233 738 maxime
260 714 344 738 cum
374 713 528 749 magnus
555 703 657 738 dolor
684 713 755 737 non
786 702 895 748 possit
923 712 1001 738 esse
1030 703 1135 738 nimis
1165 704 1244 739 lon-

70 773 151 809 gus,
179 764 344 798 dicendo.-
371 758 429 806 yid
458 764 558 797 ceder
580 763 701 807 parmi
725 764 775 806 yle?
800 763 894 796 ocelli
920 764 1008 806 suoi,
1037 762 1071 797 in
1107 763 1241 807 quibus

72 822 314 868 principaliter
335 823 491 857 consistit
512 822 716 867 pulcritudo
740 822 840 856 istius
862 821 1029 857 dominae.
1046 842 1094 846 ——
1112 824 1244 857 Gadda-

72 883 157 916 mci.
186 882 249 918 Hic
276 886 381 928 poeta
408 882 452 917 ad
485 882 582 916 aliud
616 882 846 928 refrigerium
881 881 969 916 tanti
1000 882 1152 917 incendii
1180 882 1244 918 de—

71 942 192 976 scribit
220 952 347 977 vocem
375 942 524 977 alterius
551 942 670 987 angeli
691 941 852 976 vocantis
880 944 915 976 et
944 941 1147 986 recipientis
1167 952 1241 987 eos,

73 1002 153 1036 laete
188 1001 326 1036 dicens:
359 1003 549 1036 Guiclacaci
581 1012 649 1035 ιιηα
683 1011 773 1045 voce,
804 1001 948 1045 scilicet,
977 1001 1150 1047 angelica,
1185 1003 1244 1036 che

72 1065 222 1096 candaca
249 1062 286 1095 (Ii
311 1056 358 1103 Ιὰ,
379 1061 472 1095 ultra
491 1061 625 1106 ignem,
646 1060 738 1095 sicut
756 1060 974 1105 promiserat
997 1061 1149 1106 angelus
1169 1061 1244 1106 pri-

74 1132 155 1156 mus
183 1131 313 1166 supra,
342 1131 358 1155 e
385 1122 456 1163 φιοί,
483 1122 600 1155 attenti
629 1131 698 1164 pm·
729 1131 750 1154 a
783 1121 836 1164 lei,
869 1120 1013 1165 scilicet,
1042 1121 1133 1165 mci,
1162 1131 1244 1166 quae

71 1181 263 1216 videbatur
291 1191 363 1216 non
391 1180 510 1215 minus
532 1180 651 1215 divina
671 1191 782 1225 quam
803 1180 931 1225 prima,
953 1182 1120 1215 vem’mmo
1144 1184 1242 1226 fetor,

72 1243 175 1276 extra
210 1241 408 1285 flammam,
436 1235 469 1274 [ἂ
502 1250 564 1274 ore
597 1242 627 1274 si
661 1244 838 1282 montana,
870 1239 1014 1284 scilicet,
1052 1240 1095 1275 ad
1131 1251 1243 1275 unam

73 1300 166 1335 viam
195 1303 373 1344 cavatam,
402 1310 474 1345 qua
503 1299 629 1334 salitur
663 1310 777 1334 mons
807 1299 849 1333 Et
881 1299 937 1333 hic
968 1299 1118 1335 adverte
1146 1300 1244 1345 quod

72 1364 177 1405 poeta
199 1370 264 1405 per
284 1363 400 1394 totum
421 1359 674 1405 purgatorium
697 1359 888 1404 hucusque
912 1359 1009 1394 venit
1032 1360 1066 1394 in
1086 1360 1242 1395 circuitu

73 1419 214 1464 montis,
242 1422 278 1454 et
311 1428 408 1453 nunc
440 1418 558 1464 primo
590 1418 699 1453 intrat
732 1428 864 1463 corpus
898 1419 1007 1464 ipsius
1040 1419 1171 1453 montis
1208 1419 1244 1454 in

74 1479 266 1514 cacumine
293 1479 382 1513 eius.
411 1479 452 1513 Et
481 1478 593 1524 tangit
629 1478 739 1523 ipsam
777 1489 918 1523 vocem,
946 1479 1084 1513 dicens:
1122 1481 1243 1523 l'em'le,

73 1539 235 1573 benedicte?
258 1540 371 1582 patris
399 1540 483 1581 mei;
511 1538 608 1582 quod
629 1538 783 1572 verbum
812 1538 903 1572 dicet
924 1538 1099 1573 Dominus
1121 1539 1244 1574 clectis

70 1599 144 1633 suis
172 1599 206 1633 in
227 1598 284 1633 die
298 1597 436 1643 judicii,
459 1598 534 1633 sive
562 1597 768 1642 novissima,
788 1594 874 1631 som)
894 1599 1016 1632 (Ienlro
1036 1609 1057 1631 α
1078 1609 1122 1632 zm
1142 1600 1243 1642 lame,

70 1658 213 1703 scilicet,
241 1657 459 1704 angelicum.
480 1657 640 1703 Angelus
664 1657 758 1692 enim
789 1657 992 1693 luminosus
1015 1661 1094 1693 erat
1114 1658 1159 1692 ibi
1180 1658 1244 1694 de-

70 1721 218 1764 putatus
245 1717 290 1752 ad
318 1717 562 1762 receptionem
591 1717 799 1752 animarum
833 1720 1098 1763 purgatarum,
1132 1720 1190 1752 che
1222 1715 1244 1753 li

71 1788 146 1821 era,
175 1777 210 1812 in
237 1777 312 1822 ipso
345 1777 513 1821 introitu,
549 1778 598 1811 tal
631 1778 689 1811 elie
722 1778 768 1811 mi
802 1778 906 1821 virise,
940 1777 1025 1823 quia
1057 1778 1244 1814 nimietate

74 1836 283 1882 splendoris,
311 1847 328 1870 e
353 1837 516 1879 yuarclar
546 1838 606 1871 nol
633 1838 734 1880 potet.
763 1836 862 1871 Sicut
896 1837 991 1872 enim
1029 1848 1093 1883 per
1127 1841 1242 1873 totum

72 1897 254 1932 infernum
286 1896 520 1941 reperiuntur
553 1897 670 1942 angeli
706 1897 789 1931 mali
824 1897 977 1932 ministri
1004 1898 1155 1943 justitiae
1191 1898 1245 1933 di-

71 1957 176 2001 vinae,
205 1957 251 1991 ita
280 1966 343 2001 per
371 1959 486 1990 totum
525 1956 777 2001 purgatorium
806 1960 890 1990 sunt
918 1957 1034 2002 angeli
1064 1957 1146 1991 boni
1177 1957 1245 1992 mi-

71 2016 171 2051 nistri
199 2016 329 2050 divinae
362 2015 574 2051 clementiae.
613 2015 655 2049 Et
690 2015 803 2061 tangit
834 2015 943 2050 aliam
979 2026 1106 2051 vocem
1144 2017 1244 2052 istius

70 2076 189 2122 angeli
217 2075 416 2119 clarissimi,
444 2075 585 2109 dicens:
615 2078 649 2109 et
678 2074 734 2109 ille
761 2075 924 2120 angelus,
953 2078 1149 2120 sogyyz'tmse,
1179 2077 1243 2112 ad-

72 2146 225 2170 monens
259 2146 323 2170 nos
358 2135 575 2170 salubriter:
613 2136 646 2168 lo
680 2135 734 2168 sol
763 2145 821 2169 sen
856 2146 912 2179 va,
945 2136 1089 2181 scilicet,
1127 2137 1242 2173 tertiae

72 2195 152 2240 diei,
181 2206 197 2229 e
226 2196 297 2230 vien
327 2197 361 2229 ῐα
388 2205 483 2238 sera,
512 2194 611 2239 idest,
635 2198 669 2229 et
693 2194 730 2228 fit
758 2205 840 2240 nox,
870 2195 972 2240 quasi
1000 2196 1092 2232 dicat
1121 2208 1243 2233 mora-

135 2325 161 2354 (¹)
182 2327 233 2351 117,
252 2325 304 2348 siut·
322 2331 449 2349 mensura.
