1737 2836
395 244 534 269 csthsss
562 244 749 269 molismus
776 244 902 269 Noxcs.
1163 240 1230 270 185

72 318 178 353 labris
204 317 322 363 primo
347 326 535 362 apparens,
555 316 664 350 subito
683 320 856 350 irascor-se
882 317 929 351 da
956 320 1033 351 culte
1056 317 1153 360 parti
1167 327 1232 360 per

67 381 101 413 Ια
126 388 218 421 yram
243 379 388 422 foresta,
417 376 516 419 idest,
544 375 737 420 spatiosam
766 376 917 421 sylvam,
944 386 1026 421 quae
1053 379 1125 411 tota
1153 380 1230 411 erat

67 448 178 483 capax
208 437 372 481 luminis:
400 439 433 471 et
460 435 559 470 dicit:
589 437 649 478 tal,
678 435 776 479 idest,
805 439 877 470 tam
907 436 1067 471 subitum
1096 439 1131 471 et
1158 440 1232 471 ter-

68 497 180 542 ribile,
208 498 265 530 che
291 498 337 530 mi
363 497 444 529 mise
466 496 498 529 in
516 496 625 538 forse,
646 494 745 538 idest,
766 494 800 528 in
829 495 993 539 dubium,
1015 497 1050 530 di
1074 496 1232 537 balenar,

67 556 167 601 idest,
188 551 396 602 fulguri-30⁸,
425 554 524 599 quasi
553 554 657 598 (licat,
686 553 819 589 credidi
848 554 944 598 quod
972 559 1065 590 esset
1093 556 1230 590 fulmen

67 616 163 661 quod
192 615 361 661 praecedit
388 615 601 658 tonitruum,
629 614 691 649 sed
718 613 787 649 cito
816 614 1002 659 perpendit
1035 615 1132 659 quod
1161 626 1232 650 non

67 679 145 711 erat
172 675 274 719 iliud,
304 674 398 709 unde
425 674 526 709 dicit:
556 684 613 708 ηια
636 670 797 718 ρθνεΙιέἸ
822 673 979 717 balenar,
999 673 1100 717 idest,
1123 684 1232 708 coru-

67 734 188 778 scatio,
208 745 301 768 come
323 735 408 775 rien,
427 737 534 775 resta,
562 733 662 777 idest,
686 736 801 768 cessat
823 733 857 767 in
876 733 1031 777 instanti,
1052 733 1137 778 quia
1158 733 1234 768 vio-

69 794 183 830 lenter
210 794 368 839 erumpit
395 793 552 828 calidum
580 803 625 828 ex
653 793 750 827 nube
778 792 925 838 frigida3
945 803 962 827 e
980 794 1068 836 quel,
1088 792 1233 828 scilicet.

69 854 237 897 lustrum,
265 854 427 887 durando
455 851 514 898 ρίὺ
545 863 562 886 e
584 850 644 896 piz'c
671 853 868 896 splendeva,
904 852 988 897 quia
1021 852 1188 888 veniebat
1214 863 1234 887 a

69 912 162 947 coelo
185 922 358 957 empyreo
381 922 451 947 non
479 912 524 946 ab
551 921 637 946 aere
661 911 801 955 mobili;
822 911 913 955 ideo,
933 913 988 945 nel
1007 913 1075 945 mio
1090 922 1235 955 pensor,

70 972 103 1006 in
131 975 252 1007 mente
280 982 372 1015 mea,
393 971 477 1016 quia
498 981 568 1005 non
588 971 768 1006 audebam
788 975 912 1016 petere
930 971 976 1006 ab
1001 971 1058 1006 illa
1077 971 1235 1015 domina,

68 1033 185 1066 (Ιὶοεας
211 1033 269 1065 clee
301 1041 383 1065 cosa
410 1029 429 1065 e*
453 1034 595 1074 quesla?
622 1031 725 1075 quasi
760 1030 876 1065 dicat:
913 1040 1023 1075 quam
1063 1030 1235 1065 mirabilis

68 1094 101 1126 et
130 1090 325 1136 stupenda!
355 1090 450 1124 Istud
477 1093 602 1124 autem
634 1090 758 1124 lumen
790 1089 1009 1134 procedebat
1041 1100 1061 1124 a
1096 1093 1233 1134 septem

69 1149 294 1184 candelabris
312 1145 346 1193 ὃ)
379 1149 600 1193 ardentibus,
629 1158 711 1192 quae
743 1152 827 1183 sunt
859 1152 995 1194 septem
1033 1149 1126 1184 dona
1158 1149 1237 1193 Spi-

71 1209 160 1243 ritus
187 1209 324 1253 sanctig
354 1209 434 1243 idco
462 1209 553 1244 bene
583 1209 695 1254 replet
725 1213 835 1243 totam
865 1209 1015 1254 sylvam,
1044 1209 1132 1244 idest
1164 1213 1236 1244 sta-

70 1273 146 1304 tum
173 1270 336 1303 omnium
359 1269 606 1303 virtuosorum
627 1272 661 1303 et
681 1269 833 1303 illustrat
858 1268 1099 1303 universalem
1119 1270 1235 1303 eccle—

69 1328 169 1363 siam.
186 1348 234 1353 —
248 1331 289 1362 Ec
307 1339 386 1362 ιιηα.
410 1328 472 1362 Hic
501 1331 605 1372 poeta
625 1327 793 1362 describit
817 1331 965 1362 cantum
987 1338 1151 1371 suavem,
1171 1328 1232 1372 qui

68 1388 291 1432 sequebatur
319 1388 414 1421 illam
443 1387 562 1421 lucem
592 1387 805 1431 mirabilem,
833 1387 973 1421 diceus:
1002 1390 1043 1421 Ec
1069 1398 1138 1421 nna
1165 1398 1235 1421 me—

69 1448 161 1482 lodia
188 1448 283 1481 dolce
309 1457 435 1481 (ferrea
456 1457 523 1490 per
549 1448 643 1481 l’aer
670 1448 848 1481 lmm'noso.
875 1447 914 1480 Et
941 1447 997 1481 hic
1026 1450 1109 1482 nota
1137 1447 1234 1491 quod

71 1507 135 1542 iste
162 1510 289 1542 cantus
316 1507 533 1551 procedebat
559 1507 604 1540 ab
632 1507 685 1541 bis
712 1507 773 1551 qui
796 1510 900 1541 erant
918 1507 952 1541 in
974 1507 1150 1551 exercitu,
1169 1507 1235 1542 sci—

71 1566 150 1601 licet
176 1576 197 1600 a
225 1566 406 1611 prophetis
433 1569 467 1600 et
500 1566 679 1610 apostolis,
708 1565 927 1609 doctoribus,
961 1567 1182 1612 martyribus
1200 1562 1223 1609 ᾖ

70 1629 105 1661 et
131 1625 207 1660 aliis
225 1625 367 1668 sanctis,
388 1625 447 1670 qui
468 1625 582 1671 gratia
603 1625 754 1670 Spiritus
774 1625 885 1660 sancti
906 1625 1131 1661 illuminante
1149 1636 1236 1661 can-

71 1688 241 1720 taverunt
267 1684 419 1719 dulciter
446 1688 479 1719 et
508 1684 712 1729 salubriter,
740 1684 797 1719 alii
833 1684 1031 1729 scripturis,
1058 1685 1117 1720 alii
1151 1695 1236 1720 ora—

71 1744 237 1788 tionibus,
257 1744 315 1779 alii
339 1743 661 1788 praedicatiouibus,
681 1743 739 1778 alii
762 1743 864 1778 bonis
883 1744 1068 1788 exemplis.
1090 1744 1130 1778 Et
1149 1744 1236 1779 sub—

70 1802 119 1837 dit
146 1807 250 1847 poeta
279 1803 476 1837 incidenter
509 1802 605 1847 quod
639 1802 761 1837 videns
796 1806 930 1837 tantam
959 1803 1174 1848 claritatem,
1201 1808 1234 1839 et

70 1861 220 1896 audiens
249 1864 383 1895 tantam
411 1861 639 1906 suavitatem,
672 1865 792 1896 motus
824 1866 877 1897 est
903 1862 947 1896 ad
976 1862 1233 1907 indignandum

71 1924 196 1955 contra
224 1920 378 1965 primam
411 1923 578 1964 matrem,
607 1930 689 1964 quae
723 1921 860 1965 peperit
888 1920 989 1955 nobis
1020 1925 1234 1966 perpetuam

72 1979 312 2014 infelicitatem
341 1990 425 2014 cum
455 1982 551 2014 tanta
572 1979 739 2014 felicitate
762 1980 964 2024 frueretur,
988 1990 1070 2014 nam
1098 1980 1235 2015 fallacia

73 2039 180 2074 bostis
206 2039 355 2084 decepta
385 2039 502 2074 virum
532 2040 601 2074 beu
632 2035 736 2073 niniis
763 2039 953 2074 credulum
974 2039 1009 2073 in
1028 2050 1132 2074 suam
1153 2050 1236 2075 seu-

73 2099 219 2134 tentiam
249 2099 367 2134 traxit.
397 2099 487 2133 Dicit
519 2108 608 2144 ergo
636 2102 760 2143 poeta:
789 2101 877 2133 omle
906 2099 992 2133 buon
1019 2101 1107 2142 zelo,
1135 2099 1234 2143 idest,

71 2168 176 2193 amor
199 2158 367 2202 caritatis,
388 2168 458 2192 non
477 2158 592 2203 gratia
612 2158 854 2202 detractionis,
874 2158 965 2193 sicut
990 2159 1235 2194 communiter

155 2251 161 2277 )
179 2250 207 2272 E.
226 2250 288 2273 idest
306 2251 472 2273 coruscantia*
491 2251 541 2273 sivc
560 2251 744 2274 coruscationis
761 2250 879 2281 fulguris.
1006 2252 1032 2280 (⁵)
1050 2251 1079 2274 E.
1099 2251 1219 2274 candelis.

154 2289 160 2314 )
177 2287 205 2310 E.
224 2289 387 2318 martyribus,
405 2289 592 2312 consessoribus
607 2291 633 2312 ct
647 2288 711 2312 aliis.

135 2249 150 2277 (,

134 2287 152 2316 <-
