1766 2856
509 225 576 256 170
868 228 1071 254 COMENTUM
1098 227 1317 253 PURGATORII

505 313 610 338 suam
638 300 850 337 transeundi
877 299 923 335 ad
950 300 1054 335 istam
1082 299 1269 335 dominam
1292 299 1491 346 gratiosam
1512 310 1576 346 per
1598 299 1681 346 pul-

504 362 700 399 cerrimam
729 360 1062 407 comparationem:
1091 363 1127 396 et
1153 359 1237 395 dicit
1256 359 1416 395 breviter
1439 360 1537 406 quod
1556 366 1681 397 arctus

505 422 604 458 rivus
637 431 743 467 aquae
777 420 976 467 impediens
1010 420 1129 466 ipsum
1162 420 1215 455 ire
1249 419 1294 455 ad
1329 420 1435 455 istam
1470 431 1681 457 amorosam

504 482 702 526 dominam,
727 481 773 516 ita
792 481 908 516 factus
935 483 989 516 est
1016 480 1081 515 sibi
1104 490 1201 515 nunc
1220 479 1367 516 odiosus
1389 480 1483 515 sicut
1508 481 1595 516 olim
1614 492 1681 517 an-

504 544 635 588 gustus
662 551 789 576 ramus
816 540 928 576 maris
955 540 1070 576 factus
1098 543 1151 576 est
1177 540 1323 576 odiosus
1350 540 1527 585 Leandro,
1556 541 1682 587 prohi—

505 603 595 638 bens
621 602 687 638 sibi
706 612 896 637 accessum
915 601 960 637 ad
976 604 1138 637 amatam
1158 611 1274 636 snam.
1294 600 1347 636 Ad
1370 601 1468 646 quod
1489 604 1543 637 est
1564 601 1683 637 scien-

505 661 593 698 dum
621 661 719 707 quod
750 661 1004 706 Hellespontus
1036 665 1090 696 est
1123 660 1307 706 quoddam
1340 661 1532 696 brachium
1569 661 1683 697 maris

505 726 703 769 angustum
731 732 796 767 per
824 722 891 758 tria
920 722 976 757 vel
1003 721 1076 757 duo
1105 721 1283 766 milliaria,
1306 722 1404 766 quod
1424 722 1529 757 hodie
1556 722 1681 769 appel-

507 784 602 818 latur
629 782 820 818 brachium
849 782 961 817 sancti
981 781 1127 828 Georgii
1154 781 1200 817 ab
1228 792 1301 817 una
1324 782 1475 817 ecclesia
1503 782 1582 818 eins
1610 792 1682 817 non

506 843 613 889 longe
640 853 660 877 a
688 841 1008 887 Constantinopoli,
1036 841 1199 877 dividens
1226 841 1347 876 Asiam
1375 841 1421 876 ab
1452 842 1619 887 Europa,
1648 841 1684 876 in

505 902 608 937 cuins
636 912 709 936 nno
736 901 840 937 litore
857 898 904 946 ς’),
920 901 1053 937 scilicet
1073 912 1118 937 ex
1138 904 1241 948 parte
1263 901 1366 946 Asiae,
1389 905 1442 937 est
1469 901 1594 937 civitas
1613 912 1679 937 vo-

504 965 584 997 cata
599 960 763 1008 Abydos,
792 961 827 996 in
855 961 970 997 altero
994 972 1084 997 vero
1106 972 1151 997 ex
1172 964 1275 1007 parte
1293 962 1449 1007 Europae
1476 965 1529 997 est
1556 961 1682 997 civitas

505 1021 599 1057 dicta
626 1021 757 1056 Sestos.
786 1021 838 1057 De
865 1021 1011 1057 civitate
1030 1025 1154 1057 autem
1175 1021 1347 1068 Abydena
1368 1022 1432 1056 fuit
1449 1022 1596 1068 juvenis
1616 1031 1682 1057 no-

508 1082 605 1118 mine
633 1081 808 1126 Leander,
836 1081 899 1127 qni
931 1082 1037 1117 nimis
1073 1082 1276 1118 inconsulte
1306 1082 1490 1117 adamavit
1522 1082 1682 1128 puellam

507 1141 655 1177 nomine
682 1141 777 1177 Hero
806 1141 1029 1178 habitantem
1058 1142 1094 1177 in
1121 1141 1234 1187 Sesto,
1255 1142 1299 1177 ad
1323 1152 1435 1187 quam
1464 1152 1560 1188 saepe
1587 1142 1682 1177 sole-

506 1202 566 1237 bat
594 1205 759 1247 tempore
787 1201 901 1237 noctis
928 1202 1083 1237 transire
1106 1202 1282 1237 natando:
1309 1202 1453 1237 tandem
1477 1202 1590 1237 semel
1613 1212 1681 1237 sae-

507 1261 627 1297 viente
654 1265 868 1307 tempestate
899 1261 1113 1297 submersus
1146 1262 1283 1297 eiectus
1320 1265 1373 1298 est
1406 1261 1450 1297 ad
1485 1262 1579 1306 litus,
1609 1272 1685 1307 qno

506 1321 583 1356 viso
610 1321 731 1357 infelix
764 1323 860 1358 Hero
894 1325 1041 1357 mortua
1068 1325 1121 1357 est
1157 1332 1232 1367 prae
1262 1322 1398 1357 dolore.
1434 1322 1494 1357 Est
1530 1322 1683 1357 ulterius

505 1382 705 1427 sciendum,
726 1382 823 1428 quod
851 1386 956 1428 poeta
975 1382 1020 1418 ad
1041 1382 1214 1418 decorem
1235 1383 1290 1417 sui
1312 1386 1486 1418 tractatus
1509 1382 1634 1417 inserit
1645 1377 1682 1426 22)

506 1442 604 1477 aliud
634 1442 769 1478 factum
800 1443 915 1489 magis
950 1442 1203 1488 memorabile,
1232 1442 1299 1488 ibi;
1336 1453 1420 1478 nam
1454 1443 1585 1478 Xerses
1617 1453 1684 1488 po-

508 1502 731 1538 tentissimus
759 1512 822 1538 rex
852 1512 1056 1548 persarum,
1077 1513 1161 1537 cnm
1183 1503 1347 1538 exercitu
1368 1502 1623 1538 innumerabili
1647 1506 1682 1538 et

508 1562 646 1597 infinita
672 1562 787 1597 classe
816 1562 981 1597 transivit
1007 1562 1042 1596 in
1069 1562 1260 1605 Graeciam,
1287 1562 1381 1598 facto
1408 1566 1517 1608 ponte
1545 1572 1589 1598 ex
1619 1572 1685 1598 na-

508 1621 630 1665 vi1>us3
658 1621 719 1656 sed
748 1621 782 1656 in
810 1621 912 1657 brevi
941 1621 1056 1657 victus
1074 1617 1109 1666 θ)
1137 1625 1173 1657 et
1201 1622 1343 1667 fugiens
1373 1622 1509 1667 trepide
1540 1625 1683 1657 retran-

507 1681 588 1716 sivit
606 1682 878 1727 Hellespontum
900 1692 984 1717 cnm
1006 1682 1172 1718 navicula
1193 1682 1395 1728 piscatoria.
1416 1682 1518 1717 Nunc
1538 1682 1583 1717 ad
1604 1682 1683 1718 lite-

508 1752 599 1787 ram,
626 1742 710 1777 dicit
746 1745 875 1788 poeta:
914 1744 945 1777 Il
974 1744 1090 1787 fiume,
1123 1742 1268 1787 scilicet,
1305 1742 1483 1787 Lethaeus,
1520 1744 1550 1776 ri
1581 1745 1684 1787 facea

507 1804 640 1837 lontani
667 1806 718 1837 lre
740 1804 850 1847 passi,
885 1803 933 1838 ita
965 1803 992 1837 si
1030 1803 1155 1838 suisset
1189 1803 1237 1838 ita
1272 1802 1360 1838 levis
1394 1812 1560 1847 corpore,
1591 1802 1684 1837 sicut

507 1865 586 1898 erat
605 1862 739 1907 animo,
763 1866 904 1908 poterat
926 1862 1080 1898 transire
1099 1862 1144 1898 ad
1164 1873 1246 1897 eam
1265 1862 1429 1897 saltando
1449 1863 1506 1897 vel
1526 1861 1684 1898 natando

507 1933 572 1968 per
601 1926 674 1958 tres
703 1933 828 1969 passus
852 1923 943 1958 sicut
972 1922 1136 1958 Leander
1164 1934 1227 1968 per
1256 1922 1322 1957 tria
1352 1922 1531 1966 milliaria,
1559 1917 1594 1957 [ἀ
1621 1933 1684 1957 oce

503 1979 611 2028 passo
639 1986 760 2027 Xerse,
793 1983 887 2018 filins
914 1983 1029 2028 Darii3
1064 1983 1209 2028 Xerses,
1243 1983 1334 2027 dico,
1368 1993 1502 2017 ancora
1531 1984 1635 2027 freno
1662 1993 1685 2017 a

507 2044 579 2077 tulli
604 2045 744 2087 oryoyli
769 2045 898 2079 amani.
918 2044 961 2078 Et
990 2043 1045 2078 hie
1066 2047 1162 2087 nota,
1183 2043 1280 2088 quod
1304 2052 1390 2078 vere
1410 2036 1443 2086 ff*
1473 2042 1528 2077 hic
1552 2042 1685 2078 Xerses

507 2107 561 2139 est
588 2107 808 2149 perpetuum
836 2104 1061 2150 exemplum,
1081 2103 1218 2139 habens
1248 2103 1445 2138 refraenare
1473 2102 1682 2148 superbiam

508 2166 697 2209 potentum
726 2163 970 2208 regnantium.
1000 2163 1100 2198 Sient
1126 2163 1223 2198 enim
1256 2162 1379 2198 scribit
1413 2162 1586 2206 Justinns,
1616 2161 1685 2197 mi—

572 2255 598 2283 (')
616 2255 644 2278 E.
663 2255 752 2278 latere.
1175 2256 1201 2283 (²)
1222 2258 1272 2283 117,
1292 2255 1430 2279 interserit.

573 2292 599 2322 (⁸)
615 2293 644 2316 E.
663 2293 744 2317 victus
762 2292 912 2323 confugiens
930 2293 1034 2323 trepide.
1177 2294 1202 2322 (²)
1220 2294 1249 2317 Ε.
1268 2301 1327 2317 vore
1345 2293 1391 2317 isle
1409 2293 1465 2317 talis
1485 2292 1585 2316 Xerses.
