<?xml version="1.0" encoding="UTF-8"?>
<!DOCTYPE html PUBLIC "-//W3C//DTD XHTML 1.0 Transitional//EN"
    "http://www.w3.org/TR/xhtml1/DTD/xhtml1-transitional.dtd">
<html xmlns="http://www.w3.org/1999/xhtml" xml:lang="en" lang="en">
 <head>
  <title>
</title>
<meta http-equiv="Content-Type" content="text/html;charset=utf-8" />
  <meta name='ocr-system' content='tesseract 3.04.00' />
  <meta name='ocr-capabilities' content='ocr_page ocr_carea ocr_par ocr_line ocrx_word'/>
</head>
<body>
  <div class='ocr_page' id='page_1' title='image "./comentumsuperdan04benvuoft_0291.png"; bbox 0 0 1737 2836; ppageno 0'>
   <div class='ocr_carea' id='block_1_1' title="bbox 358 232 1221 265">
    <p class='ocr_par' dir='ltr' id='par_1_1' title="bbox 358 232 1221 265">
     <span class='ocr_line' id='line_1_1' title="bbox 358 232 1221 265; baseline -0.002 0"><span class='ocrx_word' id='word_1_1' title='bbox 358 239 494 265; x_wconf 70' lang='lat' dir='ltr'><strong>CANTL‘S</strong></span> <span class='ocrx_word' id='word_1_2' title='bbox 519 239 732 264; x_wconf 70' lang='lat' dir='ltr'><strong>TRIGESIML‘S</strong></span> <span class='ocrx_word' id='word_1_3' title='bbox 757 239 917 264; x_wconf 75' lang='lat' dir='ltr'>TERTlL&#39;s.</span> <span class='ocrx_word' id='word_1_4' title='bbox 1152 232 1221 263; x_wconf 72' lang='lat'>275</span> 
     </span>
    </p>
   </div>
   <div class='ocr_carea' id='block_1_2' title="bbox 51 310 1236 2208">
    <p class='ocr_par' dir='ltr' id='par_1_2' title="bbox 51 310 1236 2208">
     <span class='ocr_line' id='line_1_2' title="bbox 52 310 1223 356; baseline -0.002 -9"><span class='ocrx_word' id='word_1_5' title='bbox 52 311 147 347; x_wconf 92' lang='lat' dir='ltr'>enim</span> <span class='ocrx_word' id='word_1_6' title='bbox 175 315 257 347; x_wconf 84' lang='lat' dir='ltr'>sunt</span> <span class='ocrx_word' id='word_1_7' title='bbox 276 312 354 347; x_wconf 83' lang='lat' dir='ltr'>deae</span> <span class='ocrx_word' id='word_1_8' title='bbox 374 312 540 356; x_wconf 81' lang='lat' dir='ltr'>sontium,</span> <span class='ocrx_word' id='word_1_9' title='bbox 560 311 663 356; x_wconf 81' lang='lat' dir='ltr'>quasi</span> <span class='ocrx_word' id='word_1_10' title='bbox 690 311 802 346; x_wconf 84' lang='lat' dir='ltr'>dicat:</span> <span class='ocrx_word' id='word_1_11' title='bbox 823 311 892 346; x_wconf 92' lang='lat' dir='ltr'>cito</span> <span class='ocrx_word' id='word_1_12' title='bbox 912 314 1082 346; x_wconf 88' lang='lat' dir='ltr'>nascetur</span> <span class='ocrx_word' id='word_1_13' title='bbox 1107 310 1223 346; x_wconf 90' lang='lat' dir='ltr'>dictus</span> 
     </span>
     <span class='ocr_line' id='line_1_3' title="bbox 51 371 1224 417; baseline -0.001 -10"><span class='ocrx_word' id='word_1_14' title='bbox 51 371 248 417; x_wconf 84' lang='lat' dir='ltr'>imperator</span> <span class='ocrx_word' id='word_1_15' title='bbox 276 382 462 416; x_wconf 83' lang='lat' dir='ltr'>romanus,</span> <span class='ocrx_word' id='word_1_16' title='bbox 490 372 549 406; x_wconf 78' lang='lat' dir='ltr'>che</span> <span class='ocrx_word' id='word_1_17' title='bbox 573 373 784 406; x_wconf 72' lang='lat' dir='ltr'>solvermmo</span> <span class='ocrx_word' id='word_1_18' title='bbox 803 374 918 415; x_wconf 72' lang='lat' dir='ltr'>questo</span> <span class='ocrx_word' id='word_1_19' title='bbox 940 372 1088 405; x_wconf 76' lang='lat' dir='ltr'>enimma</span> <span class='ocrx_word' id='word_1_20' title='bbox 1109 373 1224 416; x_wconf 79' lang='lat' dir='ltr'>force:</span> 
     </span>
     <span class='ocr_line' id='line_1_4' title="bbox 51 431 1224 478; baseline -0.001 -11"><span class='ocrx_word' id='word_1_21' title='bbox 51 431 206 478; x_wconf 85' lang='lat' dir='ltr'>aenigma</span> <span class='ocrx_word' id='word_1_22' title='bbox 234 432 381 477; x_wconf 87' lang='lat' dir='ltr'>quidem</span> <span class='ocrx_word' id='word_1_23' title='bbox 408 435 460 467; x_wconf 87' lang='lat' dir='ltr'>est</span> <span class='ocrx_word' id='word_1_24' title='bbox 488 431 604 466; x_wconf 89' lang='lat' dir='ltr'>oratio</span> <span class='ocrx_word' id='word_1_25' title='bbox 632 434 695 466; x_wconf 88' lang='lat' dir='ltr'>aut</span> <span class='ocrx_word' id='word_1_26' title='bbox 723 431 959 476; x_wconf 80' lang='lat' dir='ltr'>impossibilis,</span> <span class='ocrx_word' id='word_1_27' title='bbox 983 434 1046 466; x_wconf 92' lang='lat' dir='ltr'>aut</span> <span class='ocrx_word' id='word_1_28' title='bbox 1072 431 1224 467; x_wconf 85' lang='lat' dir='ltr'>difficilis</span> 
     </span>
     <span class='ocr_line' id='line_1_5' title="bbox 51 490 1225 537; baseline 0 -11"><span class='ocrx_word' id='word_1_29' title='bbox 51 491 96 526; x_wconf 89' lang='lat' dir='ltr'>ad</span> <span class='ocrx_word' id='word_1_30' title='bbox 116 502 230 526; x_wconf 91' lang='lat' dir='ltr'>unum</span> <span class='ocrx_word' id='word_1_31' title='bbox 251 492 409 537; x_wconf 80' lang='lat' dir='ltr'>aliquem</span> <span class='ocrx_word' id='word_1_32' title='bbox 429 495 571 527; x_wconf 87' lang='lat' dir='ltr'>certum</span> <span class='ocrx_word' id='word_1_33' title='bbox 592 491 829 535; x_wconf 83' lang='lat' dir='ltr'>intellectum,</span> <span class='ocrx_word' id='word_1_34' title='bbox 851 493 889 524; x_wconf 87' lang='lat' dir='ltr'>ut</span> <span class='ocrx_word' id='word_1_35' title='bbox 910 490 994 526; x_wconf 86' lang='lat' dir='ltr'>dicit</span> <span class='ocrx_word' id='word_1_36' title='bbox 1016 491 1225 527; x_wconf 86' lang='lat' dir='ltr'>Aristoteles</span> 
     </span>
     <span class='ocr_line' id='line_1_6' title="bbox 52 550 1225 597; baseline 0.001 -12"><span class='ocrx_word' id='word_1_37' title='bbox 52 550 87 585; x_wconf 92' lang='lat' dir='ltr'>in</span> <span class='ocrx_word' id='word_1_38' title='bbox 116 550 186 587; x_wconf 88' lang='lat' dir='ltr'>fine</span> <span class='ocrx_word' id='word_1_39' title='bbox 213 562 288 586; x_wconf 65' lang='lat' dir='ltr'>sum</span> <span class='ocrx_word' id='word_1_40' title='bbox 316 551 481 597; x_wconf 82' lang='lat' dir='ltr'>poetriae3</span> <span class='ocrx_word' id='word_1_41' title='bbox 509 551 589 586; x_wconf 89' lang='lat' dir='ltr'>ideo</span> <span class='ocrx_word' id='word_1_42' title='bbox 616 551 709 586; x_wconf 86' lang='lat' dir='ltr'>bene</span> <span class='ocrx_word' id='word_1_43' title='bbox 737 554 842 596; x_wconf 86' lang='lat' dir='ltr'>poeta</span> <span class='ocrx_word' id='word_1_44' title='bbox 868 551 1023 596; x_wconf 86' lang='lat' dir='ltr'>appellat</span> <span class='ocrx_word' id='word_1_45' title='bbox 1050 551 1144 586; x_wconf 85' lang='lat' dir='ltr'>istud</span> <span class='ocrx_word' id='word_1_46' title='bbox 1171 551 1225 586; x_wconf 92' lang='lat' dir='ltr'>di-</span> 
     </span>
     <span class='ocr_line' id='line_1_7' title="bbox 53 610 1225 655; baseline 0 -10"><span class='ocrx_word' id='word_1_47' title='bbox 53 614 152 645; x_wconf 89' lang='lat' dir='ltr'>ctum</span> <span class='ocrx_word' id='word_1_48' title='bbox 180 611 333 646; x_wconf 87' lang='lat' dir='ltr'>difficile.</span> <span class='ocrx_word' id='word_1_49' title='bbox 363 611 404 645; x_wconf 88' lang='lat' dir='ltr'>Et</span> <span class='ocrx_word' id='word_1_50' title='bbox 430 610 513 646; x_wconf 86' lang='lat' dir='ltr'>dicit</span> <span class='ocrx_word' id='word_1_51' title='bbox 539 610 709 646; x_wconf 79' lang='lat' dir='ltr'>Averrois</span> <span class='ocrx_word' id='word_1_52' title='bbox 736 610 782 645; x_wconf 92' lang='lat' dir='ltr'>ibi</span> <span class='ocrx_word' id='word_1_53' title='bbox 807 610 904 655; x_wconf 88' lang='lat' dir='ltr'>quod</span> <span class='ocrx_word' id='word_1_54' title='bbox 931 610 1024 645; x_wconf 90' lang='lat' dir='ltr'>istud</span> <span class='ocrx_word' id='word_1_55' title='bbox 1052 610 1225 655; x_wconf 81' lang='lat' dir='ltr'>frequen-</span> 
     </span>
     <span class='ocr_line' id='line_1_8' title="bbox 53 670 1225 716; baseline -0.001 -11"><span class='ocrx_word' id='word_1_56' title='bbox 53 673 108 705; x_wconf 91' lang='lat' dir='ltr'>ter</span> <span class='ocrx_word' id='word_1_57' title='bbox 135 671 319 706; x_wconf 71' lang='lat' dir='ltr'>invenitur</span> <span class='ocrx_word' id='word_1_58' title='bbox 345 671 442 716; x_wconf 88' lang='lat' dir='ltr'>apud</span> <span class='ocrx_word' id='word_1_59' title='bbox 461 674 584 716; x_wconf 86' lang='lat' dir='ltr'>poetas</span> <span class='ocrx_word' id='word_1_60' title='bbox 603 670 769 705; x_wconf 89' lang='lat' dir='ltr'>arabum.</span> <span class='ocrx_word' id='word_1_61' title='bbox 790 670 832 704; x_wconf 90' lang='lat' dir='ltr'>Et</span> <span class='ocrx_word' id='word_1_62' title='bbox 850 670 950 705; x_wconf 87' lang='lat' dir='ltr'>dicit:</span> <span class='ocrx_word' id='word_1_63' title='bbox 973 680 1085 704; x_wconf 67' lang='lat' dir='ltr'>sama</span> <span class='ocrx_word' id='word_1_64' title='bbox 1104 672 1225 705; x_wconf 72' lang='lat' dir='ltr'>dunno</span> 
     </span>
     <span class='ocr_line' id='line_1_9' title="bbox 53 730 1225 776; baseline 0.001 -12"><span class='ocrx_word' id='word_1_65' title='bbox 53 731 89 765; x_wconf 85' lang='lat' dir='ltr'>di</span> <span class='ocrx_word' id='word_1_66' title='bbox 111 740 236 774; x_wconf 79' lang='lat' dir='ltr'>pecore</span> <span class='ocrx_word' id='word_1_67' title='bbox 263 741 280 764; x_wconf 86' lang='lat' dir='ltr'>e</span> <span class='ocrx_word' id='word_1_68' title='bbox 306 732 342 765; x_wconf 74' lang='grc' dir='ltr'>αι’</span> <span class='ocrx_word' id='word_1_69' title='bbox 368 731 480 774; x_wconf 72' lang='lat' dir='ltr'>binde,</span> <span class='ocrx_word' id='word_1_70' title='bbox 508 731 670 776; x_wconf 90' lang='lat' dir='ltr'>loquitur</span> <span class='ocrx_word' id='word_1_71' title='bbox 690 730 809 765; x_wconf 91' lang='lat' dir='ltr'>adhuc</span> <span class='ocrx_word' id='word_1_72' title='bbox 828 730 1068 776; x_wconf 78' lang='lat' dir='ltr'>aenigmatice‚</span> <span class='ocrx_word' id='word_1_73' title='bbox 1093 733 1129 765; x_wconf 87' lang='lat' dir='ltr'>et</span> <span class='ocrx_word' id='word_1_74' title='bbox 1148 731 1225 765; x_wconf 89' lang='lat' dir='ltr'>vult</span> 
     </span>
     <span class='ocr_line' id='line_1_10' title="bbox 53 789 1224 836; baseline 0.002 -12"><span class='ocrx_word' id='word_1_75' title='bbox 53 789 174 824; x_wconf 79' lang='lat' dir='ltr'>dicere</span> <span class='ocrx_word' id='word_1_76' title='bbox 201 790 299 834; x_wconf 92' lang='lat' dir='ltr'>quod</span> <span class='ocrx_word' id='word_1_77' title='bbox 326 790 396 825; x_wconf 87' lang='lat' dir='ltr'>cito</span> <span class='ocrx_word' id='word_1_78' title='bbox 425 790 714 826; x_wconf 77' lang='lat' dir='ltr'>manifestabitur</span> <span class='ocrx_word' id='word_1_79' title='bbox 740 790 876 825; x_wconf 88' lang='lat' dir='ltr'>dictum</span> <span class='ocrx_word' id='word_1_80' title='bbox 900 800 1009 824; x_wconf 90' lang='lat' dir='ltr'>suum</span> <span class='ocrx_word' id='word_1_81' title='bbox 1030 800 1093 835; x_wconf 84' lang='lat' dir='ltr'>per</span> <span class='ocrx_word' id='word_1_82' title='bbox 1113 800 1224 836; x_wconf 83' lang='lat' dir='ltr'>expe-</span> 
     </span>
     <span class='ocr_line' id='line_1_11' title="bbox 54 846 1225 895; baseline 0.001 -11"><span class='ocrx_word' id='word_1_83' title='bbox 54 849 221 885; x_wconf 84' lang='lat' dir='ltr'>rientiam</span> <span class='ocrx_word' id='word_1_84' title='bbox 249 850 343 894; x_wconf 78' lang='lat' dir='ltr'>sacti,</span> <span class='ocrx_word' id='word_1_85' title='bbox 372 850 420 885; x_wconf 90' lang='lat' dir='ltr'>ita</span> <span class='ocrx_word' id='word_1_86' title='bbox 448 850 545 895; x_wconf 91' lang='lat' dir='ltr'>quod</span> <span class='ocrx_word' id='word_1_87' title='bbox 579 860 651 885; x_wconf 91' lang='lat' dir='ltr'>non</span> <span class='ocrx_word' id='word_1_88' title='bbox 685 849 851 895; x_wconf 79' lang='lat' dir='ltr'>expediet</span> <span class='ocrx_word' id='word_1_89' title='bbox 868 846 903 893; x_wconf 78' lang='lat'>(¹)</span> <span class='ocrx_word' id='word_1_90' title='bbox 935 849 1122 894; x_wconf 81' lang='lat' dir='ltr'>inquirere</span> <span class='ocrx_word' id='word_1_91' title='bbox 1155 850 1225 885; x_wconf 79' lang='lat' dir='ltr'>sata</span> 
     </span>
     <span class='ocr_line' id='line_1_12' title="bbox 55 905 1226 956; baseline 0.001 -12"><span class='ocrx_word' id='word_1_92' title='bbox 55 909 90 944; x_wconf 89' lang='lat' dir='ltr'>in</span> <span class='ocrx_word' id='word_1_93' title='bbox 118 910 209 945; x_wconf 81' lang='lat' dir='ltr'>extis</span> <span class='ocrx_word' id='word_1_94' title='bbox 235 910 461 955; x_wconf 79' lang='lat' dir='ltr'>animalium,</span> <span class='ocrx_word' id='word_1_95' title='bbox 488 910 579 944; x_wconf 86' lang='lat' dir='ltr'>sicut</span> <span class='ocrx_word' id='word_1_96' title='bbox 596 905 631 953; x_wconf 47' lang='grc' dir='ltr'>ἒ]</span> <span class='ocrx_word' id='word_1_97' title='bbox 659 910 810 956; x_wconf 75' lang='lat' dir='ltr'>gentiles</span> <span class='ocrx_word' id='word_1_98' title='bbox 844 909 930 944; x_wconf 91' lang='lat' dir='ltr'>olim</span> <span class='ocrx_word' id='word_1_99' title='bbox 958 910 1135 945; x_wconf 84' lang='lat' dir='ltr'>faciebant</span> <span class='ocrx_word' id='word_1_100' title='bbox 1163 910 1226 955; x_wconf 89' lang='lat' dir='ltr'>qui</span> 
     </span>
     <span class='ocr_line' id='line_1_13' title="bbox 55 964 1227 1015; baseline 0.001 -12"><span class='ocrx_word' id='word_1_101' title='bbox 55 969 293 1004; x_wconf 81' lang='lat' dir='ltr'>immolabant</span> <span class='ocrx_word' id='word_1_102' title='bbox 322 969 486 1005; x_wconf 70' lang='lat' dir='ltr'>victimas</span> <span class='ocrx_word' id='word_1_103' title='bbox 512 969 636 1004; x_wconf 75' lang='lat' dir='ltr'>ovium</span> <span class='ocrx_word' id='word_1_104' title='bbox 654 964 689 1013; x_wconf 49' lang='grc' dir='ltr'>ἒξ</span> <span class='ocrx_word' id='word_1_105' title='bbox 717 973 752 1004; x_wconf 90' lang='lat' dir='ltr'>et</span> <span class='ocrx_word' id='word_1_106' title='bbox 780 969 962 1015; x_wconf 88' lang='lat' dir='ltr'>ponebant</span> <span class='ocrx_word' id='word_1_107' title='bbox 982 970 1106 1015; x_wconf 82' lang='lat' dir='ltr'>fruges</span> <span class='ocrx_word' id='word_1_108' title='bbox 1133 970 1227 1005; x_wconf 86' lang='lat' dir='ltr'>inter</span> 
     </span>
     <span class='ocr_line' id='line_1_14' title="bbox 57 1028 1227 1074; baseline 0.001 -11"><span class='ocrx_word' id='word_1_109' title='bbox 57 1038 196 1064; x_wconf 90' lang='lat' dir='ltr'>cornua</span> <span class='ocrx_word' id='word_1_110' title='bbox 224 1029 330 1073; x_wconf 79' lang='lat' dir='ltr'>tauri,</span> <span class='ocrx_word' id='word_1_111' title='bbox 354 1039 464 1074; x_wconf 90' lang='lat' dir='ltr'>quem</span> <span class='ocrx_word' id='word_1_112' title='bbox 494 1029 701 1064; x_wconf 84' lang='lat' dir='ltr'>mactabant</span> <span class='ocrx_word' id='word_1_113' title='bbox 734 1029 768 1064; x_wconf 93' lang='lat' dir='ltr'>in</span> <span class='ocrx_word' id='word_1_114' title='bbox 803 1028 979 1064; x_wconf 87' lang='lat' dir='ltr'>sacrificio</span> <span class='ocrx_word' id='word_1_115' title='bbox 1013 1029 1105 1065; x_wconf 90' lang='lat' dir='ltr'>sicut</span> <span class='ocrx_word' id='word_1_116' title='bbox 1137 1029 1227 1064; x_wconf 84' lang='lat' dir='ltr'>scri-</span> 
     </span>
     <span class='ocr_line' id='line_1_15' title="bbox 59 1088 1228 1135; baseline 0.003 -13"><span class='ocrx_word' id='word_1_117' title='bbox 59 1088 109 1123; x_wconf 90' lang='lat' dir='ltr'>bit</span> <span class='ocrx_word' id='word_1_118' title='bbox 135 1089 303 1123; x_wconf 84' lang='lat' dir='ltr'>Lucanus</span> <span class='ocrx_word' id='word_1_119' title='bbox 329 1088 374 1123; x_wconf 88' lang='lat' dir='ltr'>de</span> <span class='ocrx_word' id='word_1_120' title='bbox 399 1090 539 1124; x_wconf 79' lang='lat' dir='ltr'>Arunte</span> <span class='ocrx_word' id='word_1_121' title='bbox 566 1098 700 1135; x_wconf 81' lang='lat' dir='ltr'>magno</span> <span class='ocrx_word' id='word_1_122' title='bbox 719 1099 873 1135; x_wconf 80' lang='lat' dir='ltr'>augure.</span> <span class='ocrx_word' id='word_1_123' title='bbox 893 1088 978 1123; x_wconf 73' lang='lat' dir='ltr'>Vult</span> <span class='ocrx_word' id='word_1_124' title='bbox 997 1099 1086 1135; x_wconf 85' lang='lat' dir='ltr'>ergo</span> <span class='ocrx_word' id='word_1_125' title='bbox 1106 1089 1228 1125; x_wconf 83' lang='lat' dir='ltr'>dicere</span> 
     </span>
     <span class='ocr_line' id='line_1_16' title="bbox 58 1148 1228 1194; baseline 0.001 -11"><span class='ocrx_word' id='word_1_126' title='bbox 58 1148 154 1193; x_wconf 92' lang='lat' dir='ltr'>quod</span> <span class='ocrx_word' id='word_1_127' title='bbox 188 1158 260 1183; x_wconf 90' lang='lat' dir='ltr'>non</span> <span class='ocrx_word' id='word_1_128' title='bbox 294 1148 362 1183; x_wconf 89' lang='lat' dir='ltr'>erit</span> <span class='ocrx_word' id='word_1_129' title='bbox 393 1158 484 1193; x_wconf 90' lang='lat' dir='ltr'>opus</span> <span class='ocrx_word' id='word_1_130' title='bbox 514 1148 672 1194; x_wconf 84' lang='lat' dir='ltr'>augurio</span> <span class='ocrx_word' id='word_1_131' title='bbox 706 1149 763 1184; x_wconf 70' lang='lat' dir='ltr'>vel</span> <span class='ocrx_word' id='word_1_132' title='bbox 797 1148 972 1183; x_wconf 84' lang='lat' dir='ltr'>sacrificio</span> <span class='ocrx_word' id='word_1_133' title='bbox 1004 1149 1049 1183; x_wconf 88' lang='lat' dir='ltr'>ad</span> <span class='ocrx_word' id='word_1_134' title='bbox 1081 1149 1228 1184; x_wconf 85' lang='lat' dir='ltr'>investi-</span> 
     </span>
     <span class='ocr_line' id='line_1_17' title="bbox 56 1208 1229 1254; baseline 0.002 -12"><span class='ocrx_word' id='word_1_135' title='bbox 56 1208 216 1254; x_wconf 84' lang='lat' dir='ltr'>gandum</span> <span class='ocrx_word' id='word_1_136' title='bbox 241 1208 337 1253; x_wconf 90' lang='lat' dir='ltr'>quod</span> <span class='ocrx_word' id='word_1_137' title='bbox 357 1208 563 1253; x_wconf 55' lang='lat' dir='ltr'>praedicitur</span> <span class='ocrx_word' id='word_1_138' title='bbox 588 1208 655 1253; x_wconf 78' lang='lat' dir='ltr'>hic,</span> <span class='ocrx_word' id='word_1_139' title='bbox 675 1209 760 1253; x_wconf 87' lang='lat' dir='ltr'>quia</span> <span class='ocrx_word' id='word_1_140' title='bbox 779 1208 849 1243; x_wconf 88' lang='lat' dir='ltr'>cito</span> <span class='ocrx_word' id='word_1_141' title='bbox 876 1219 940 1254; x_wconf 88' lang='lat' dir='ltr'>per</span> <span class='ocrx_word' id='word_1_142' title='bbox 959 1219 997 1244; x_wconf 86' lang='lat' dir='ltr'>se</span> <span class='ocrx_word' id='word_1_143' title='bbox 1019 1209 1164 1254; x_wconf 86' lang='lat' dir='ltr'>patebit.</span> <span class='ocrx_word' id='word_1_144' title='bbox 1181 1229 1229 1234; x_wconf 97' lang='lat'><strong>—</strong></span> 
     </span>
     <span class='ocr_line' id='line_1_18' title="bbox 62 1267 1230 1313; baseline 0.002 -11"><span class='ocrx_word' id='word_1_145' title='bbox 62 1270 120 1302; x_wconf 81' lang='grc' dir='ltr'><em>Τιι.</em></span> <span class='ocrx_word' id='word_1_146' title='bbox 153 1267 216 1303; x_wconf 88' lang='lat' dir='ltr'>Hic</span> <span class='ocrx_word' id='word_1_147' title='bbox 249 1271 355 1313; x_wconf 86' lang='lat' dir='ltr'>poeta</span> <span class='ocrx_word' id='word_1_148' title='bbox 387 1267 485 1313; x_wconf 88' lang='lat' dir='ltr'>ponit</span> <span class='ocrx_word' id='word_1_149' title='bbox 519 1271 742 1313; x_wconf 60' lang='lat' dir='ltr'>praeceptum</span> <span class='ocrx_word' id='word_1_150' title='bbox 776 1268 948 1304; x_wconf 74' lang='lat' dir='ltr'>Beati-icis</span> <span class='ocrx_word' id='word_1_151' title='bbox 983 1268 1028 1303; x_wconf 89' lang='lat' dir='ltr'>ad</span> <span class='ocrx_word' id='word_1_152' title='bbox 1062 1278 1101 1304; x_wconf 83' lang='lat' dir='ltr'>se</span> <span class='ocrx_word' id='word_1_153' title='bbox 1133 1268 1230 1304; x_wconf 82' lang='lat' dir='ltr'>circa</span> 
     </span>
     <span class='ocr_line' id='line_1_19' title="bbox 58 1321 1230 1373; baseline 0.001 -11"><span class='ocrx_word' id='word_1_154' title='bbox 58 1327 228 1373; x_wconf 84' lang='lat' dir='ltr'>praedicta</span> <span class='ocrx_word' id='word_1_155' title='bbox 256 1327 430 1362; x_wconf 85' lang='lat' dir='ltr'>tradenda</span> <span class='ocrx_word' id='word_1_156' title='bbox 458 1327 647 1362; x_wconf 86' lang='lat' dir='ltr'>memoriae</span> <span class='ocrx_word' id='word_1_157' title='bbox 674 1327 718 1362; x_wconf 89' lang='lat' dir='ltr'>ad</span> <span class='ocrx_word' id='word_1_158' title='bbox 747 1327 936 1362; x_wconf 85' lang='lat' dir='ltr'>utilitatem</span> <span class='ocrx_word' id='word_1_159' title='bbox 962 1328 1161 1363; x_wconf 75' lang='lat' dir='ltr'>viventium</span> <span class='ocrx_word' id='word_1_160' title='bbox 1179 1321 1230 1373; x_wconf 71' lang='lat'>(4),</span> 
     </span>
     <span class='ocr_line' id='line_1_20' title="bbox 58 1387 1230 1434; baseline 0.001 -13"><span class='ocrx_word' id='word_1_161' title='bbox 58 1387 197 1422; x_wconf 86' lang='lat' dir='ltr'>dicens:</span> <span class='ocrx_word' id='word_1_162' title='bbox 228 1389 275 1421; x_wconf 75' lang='lat' dir='ltr'>Tu</span> <span class='ocrx_word' id='word_1_163' title='bbox 297 1390 392 1429; x_wconf 75' lang='lat' dir='ltr'>nota,</span> <span class='ocrx_word' id='word_1_164' title='bbox 415 1387 499 1432; x_wconf 87' lang='lat' dir='ltr'>quia</span> <span class='ocrx_word' id='word_1_165' title='bbox 520 1387 677 1423; x_wconf 87' lang='lat' dir='ltr'>notanda</span> <span class='ocrx_word' id='word_1_166' title='bbox 695 1390 790 1432; x_wconf 82' lang='lat' dir='ltr'>sunt,</span> <span class='ocrx_word' id='word_1_167' title='bbox 813 1399 830 1421; x_wconf 82' lang='lat' dir='ltr'>e</span> <span class='ocrx_word' id='word_1_168' title='bbox 850 1398 972 1431; x_wconf 66' lang='lat' dir='ltr'>sequa,</span> <span class='ocrx_word' id='word_1_169' title='bbox 992 1388 1091 1432; x_wconf 78' lang='lat' dir='ltr'>idest,</span> <span class='ocrx_word' id='word_1_170' title='bbox 1111 1388 1230 1434; x_wconf 84' lang='lat' dir='ltr'>signes</span> 
     </span>
     <span class='ocr_line' id='line_1_21' title="bbox 59 1447 1230 1494; baseline 0 -12"><span class='ocrx_word' id='word_1_171' title='bbox 59 1447 116 1483; x_wconf 86' lang='lat' dir='ltr'>vel</span> <span class='ocrx_word' id='word_1_172' title='bbox 142 1447 273 1482; x_wconf 84' lang='lat' dir='ltr'>doceas</span> <span class='ocrx_word' id='word_1_173' title='bbox 301 1450 412 1490; x_wconf 74' lang='lat' dir='ltr'>queste</span> <span class='ocrx_word' id='word_1_174' title='bbox 433 1448 573 1491; x_wconf 76' lang='lat' dir='ltr'>parole,</span> <span class='ocrx_word' id='word_1_175' title='bbox 596 1447 815 1492; x_wconf 76' lang='lat' dir='ltr'>prophetica,</span> <span class='ocrx_word' id='word_1_176' title='bbox 836 1449 869 1481; x_wconf 83' lang='grc' dir='ltr'>α’</span> <span class='ocrx_word' id='word_1_177' title='bbox 886 1450 971 1492; x_wconf 64' lang='lat' dir='ltr'>emi,-</span> <span class='ocrx_word' id='word_1_178' title='bbox 991 1452 1026 1483; x_wconf 86' lang='lat' dir='ltr'>et</span> <span class='ocrx_word' id='word_1_179' title='bbox 1046 1447 1230 1494; x_wconf 81' lang='lat' dir='ltr'>restringit</span> 
     </span>
     <span class='ocr_line' id='line_1_22' title="bbox 59 1506 1231 1552; baseline 0 -10"><span class='ocrx_word' id='word_1_180' title='bbox 59 1507 196 1542; x_wconf 86' lang='lat' dir='ltr'>dictum</span> <span class='ocrx_word' id='word_1_181' title='bbox 223 1517 331 1541; x_wconf 89' lang='lat' dir='ltr'>suum</span> <span class='ocrx_word' id='word_1_182' title='bbox 351 1506 491 1542; x_wconf 89' lang='lat' dir='ltr'>dicens:</span> <span class='ocrx_word' id='word_1_183' title='bbox 513 1508 569 1541; x_wconf 81' lang='lat' dir='ltr'>del</span> <span class='ocrx_word' id='word_1_184' title='bbox 587 1508 680 1541; x_wconf 64' lang='lat' dir='ltr'>viver</span> <span class='ocrx_word' id='word_1_185' title='bbox 698 1508 747 1541; x_wconf 80' lang='lat' dir='ltr'>ck&#39;</span> <span class='ocrx_word' id='word_1_186' title='bbox 759 1506 778 1542; x_wconf 69' lang='lat' dir='ltr'>e*</span> <span class='ocrx_word' id='word_1_187' title='bbox 794 1518 839 1542; x_wconf 68' lang='lat' dir='ltr'>zm</span> <span class='ocrx_word' id='word_1_188' title='bbox 857 1518 999 1543; x_wconf 76' lang='lat' dir='ltr'>correre</span> <span class='ocrx_word' id='word_1_189' title='bbox 1018 1509 1089 1542; x_wconf 81' lang='lat' dir='ltr'>alla</span> <span class='ocrx_word' id='word_1_190' title='bbox 1107 1512 1231 1552; x_wconf 79' lang='lat' dir='ltr'>morte,</span> 
     </span>
     <span class='ocr_line' id='line_1_23' title="bbox 60 1566 1232 1612; baseline 0.002 -12"><span class='ocrx_word' id='word_1_191' title='bbox 60 1577 142 1611; x_wconf 80' lang='lat' dir='ltr'>quae</span> <span class='ocrx_word' id='word_1_192' title='bbox 170 1569 223 1601; x_wconf 90' lang='lat' dir='ltr'>est</span> <span class='ocrx_word' id='word_1_193' title='bbox 246 1566 414 1601; x_wconf 78' lang='lat' dir='ltr'>vivorum</span> <span class='ocrx_word' id='word_1_194' title='bbox 443 1566 639 1612; x_wconf 78' lang='lat' dir='ltr'>corruptio,</span> <span class='ocrx_word' id='word_1_195' title='bbox 668 1566 769 1611; x_wconf 85' lang='lat' dir='ltr'>quasi</span> <span class='ocrx_word' id='word_1_196' title='bbox 802 1566 907 1612; x_wconf 77' lang='lat' dir='ltr'>dicat,</span> <span class='ocrx_word' id='word_1_197' title='bbox 935 1567 963 1602; x_wconf 89' lang='lat' dir='ltr'>si</span> <span class='ocrx_word' id='word_1_198' title='bbox 987 1570 1153 1602; x_wconf 89' lang='lat' dir='ltr'>nostrum</span> <span class='ocrx_word' id='word_1_199' title='bbox 1178 1568 1232 1603; x_wconf 90' lang='lat' dir='ltr'>vi-</span> 
     </span>
     <span class='ocr_line' id='line_1_24' title="bbox 60 1623 1233 1670; baseline 0.001 -9"><span class='ocrx_word' id='word_1_200' title='bbox 60 1636 148 1661; x_wconf 76' lang='lat' dir='ltr'>vere</span> <span class='ocrx_word' id='word_1_201' title='bbox 183 1628 299 1670; x_wconf 88' lang='lat' dir='ltr'>potest</span> <span class='ocrx_word' id='word_1_202' title='bbox 333 1625 400 1660; x_wconf 92' lang='lat' dir='ltr'>dici</span> <span class='ocrx_word' id='word_1_203' title='bbox 438 1625 582 1670; x_wconf 71' lang='lat' dir='ltr'>vivere3</span> <span class='ocrx_word' id='word_1_204' title='bbox 616 1629 651 1661; x_wconf 86' lang='lat' dir='ltr'>et</span> <span class='ocrx_word' id='word_1_205' title='bbox 685 1626 787 1661; x_wconf 88' lang='lat' dir='ltr'>dicit:</span> <span class='ocrx_word' id='word_1_206' title='bbox 823 1623 852 1661; x_wconf 66' lang='lat' dir='ltr'>si</span> <span class='ocrx_word' id='word_1_207' title='bbox 883 1638 977 1662; x_wconf 82' lang='lat' dir='ltr'>come</span> <span class='ocrx_word' id='word_1_208' title='bbox 1009 1628 1055 1662; x_wconf 81' lang='lat' dir='ltr'>da</span> <span class='ocrx_word' id='word_1_209' title='bbox 1087 1638 1138 1662; x_wconf 83' lang='lat' dir='ltr'>me</span> <span class='ocrx_word' id='word_1_210' title='bbox 1169 1637 1233 1662; x_wconf 77' lang='lat' dir='ltr'>son</span> 
     </span>
     <span class='ocr_line' id='line_1_25' title="bbox 56 1685 1233 1730; baseline 0.003 -11"><span class='ocrx_word' id='word_1_211' title='bbox 56 1689 170 1730; x_wconf 78' lang='lat' dir='ltr'>porte,</span> <span class='ocrx_word' id='word_1_212' title='bbox 190 1685 323 1720; x_wconf 87' lang='lat' dir='ltr'>scilicet</span> <span class='ocrx_word' id='word_1_213' title='bbox 351 1685 424 1729; x_wconf 79' lang='lat' dir='ltr'>tibi,</span> <span class='ocrx_word' id='word_1_214' title='bbox 445 1685 547 1730; x_wconf 86' lang='lat' dir='ltr'>quasi</span> <span class='ocrx_word' id='word_1_215' title='bbox 575 1685 669 1720; x_wconf 87' lang='lat' dir='ltr'>dicat</span> <span class='ocrx_word' id='word_1_216' title='bbox 693 1686 816 1721; x_wconf 86' lang='lat' dir='ltr'>tacite:</span> <span class='ocrx_word' id='word_1_217' title='bbox 846 1686 941 1722; x_wconf 82' lang='lat' dir='ltr'>refer</span> <span class='ocrx_word' id='word_1_218' title='bbox 962 1687 1168 1722; x_wconf 85' lang='lat' dir='ltr'>hominibus</span> <span class='ocrx_word' id='word_1_219' title='bbox 1187 1687 1233 1723; x_wconf 91' lang='lat' dir='ltr'>de</span> 
     </span>
     <span class='ocr_line' id='line_1_26' title="bbox 63 1745 1233 1793; baseline 0.003 -14"><span class='ocrx_word' id='word_1_220' title='bbox 63 1745 198 1780; x_wconf 91' lang='lat' dir='ltr'>mundo</span> <span class='ocrx_word' id='word_1_221' title='bbox 219 1749 281 1780; x_wconf 89' lang='lat' dir='ltr'>tuo</span> <span class='ocrx_word' id='word_1_222' title='bbox 309 1745 421 1780; x_wconf 83' lang='lat' dir='ltr'>verba</span> <span class='ocrx_word' id='word_1_223' title='bbox 450 1755 529 1780; x_wconf 89' lang='lat' dir='ltr'>mea</span> <span class='ocrx_word' id='word_1_224' title='bbox 560 1745 593 1779; x_wconf 94' lang='lat' dir='ltr'>in</span> <span class='ocrx_word' id='word_1_225' title='bbox 622 1756 664 1780; x_wconf 87' lang='lat' dir='ltr'>ea</span> <span class='ocrx_word' id='word_1_226' title='bbox 692 1745 808 1781; x_wconf 81' lang='lat' dir='ltr'>forma</span> <span class='ocrx_word' id='word_1_227' title='bbox 837 1757 909 1791; x_wconf 90' lang='lat' dir='ltr'>qua</span> <span class='ocrx_word' id='word_1_228' title='bbox 937 1746 1030 1782; x_wconf 88' lang='lat' dir='ltr'>dicta</span> <span class='ocrx_word' id='word_1_229' title='bbox 1057 1750 1141 1782; x_wconf 87' lang='lat' dir='ltr'>sunt</span> <span class='ocrx_word' id='word_1_230' title='bbox 1169 1758 1233 1793; x_wconf 91' lang='lat' dir='ltr'>per</span> 
     </span>
     <span class='ocr_line' id='line_1_27' title="bbox 63 1804 1234 1852; baseline 0.002 -12"><span class='ocrx_word' id='word_1_231' title='bbox 63 1815 133 1849; x_wconf 80' lang='lat' dir='ltr'>me,</span> <span class='ocrx_word' id='word_1_232' title='bbox 149 1804 250 1849; x_wconf 86' lang='lat' dir='ltr'>quasi</span> <span class='ocrx_word' id='word_1_233' title='bbox 270 1804 382 1839; x_wconf 84' lang='lat' dir='ltr'>dicat:</span> <span class='ocrx_word' id='word_1_234' title='bbox 402 1804 450 1839; x_wconf 87' lang='lat' dir='ltr'>ita</span> <span class='ocrx_word' id='word_1_235' title='bbox 469 1804 625 1840; x_wconf 85' lang='lat' dir='ltr'>obscure</span> <span class='ocrx_word' id='word_1_236' title='bbox 644 1805 736 1840; x_wconf 88' lang='lat' dir='ltr'>sicut</span> <span class='ocrx_word' id='word_1_237' title='bbox 759 1805 915 1841; x_wconf 85' lang='lat' dir='ltr'>obscure</span> <span class='ocrx_word' id='word_1_238' title='bbox 933 1806 1023 1851; x_wconf 81' lang='lat' dir='ltr'>dixi3</span> <span class='ocrx_word' id='word_1_239' title='bbox 1044 1816 1110 1842; x_wconf 87' lang='lat' dir='ltr'>nec</span> <span class='ocrx_word' id='word_1_240' title='bbox 1130 1817 1234 1852; x_wconf 80' lang='lat' dir='ltr'>quae-</span> 
     </span>
     <span class='ocr_line' id='line_1_28' title="bbox 65 1863 1234 1909; baseline 0.002 -10"><span class='ocrx_word' id='word_1_241' title='bbox 65 1875 122 1899; x_wconf 89' lang='lat' dir='ltr'>ras</span> <span class='ocrx_word' id='word_1_242' title='bbox 148 1863 430 1899; x_wconf 81' lang='lat' dir='ltr'>declarationem</span> <span class='ocrx_word' id='word_1_243' title='bbox 462 1874 483 1898; x_wconf 84' lang='lat' dir='ltr'>a</span> <span class='ocrx_word' id='word_1_244' title='bbox 516 1873 575 1898; x_wconf 91' lang='lat' dir='ltr'>me</span> <span class='ocrx_word' id='word_1_245' title='bbox 607 1875 716 1909; x_wconf 89' lang='lat' dir='ltr'>quam</span> <span class='ocrx_word' id='word_1_246' title='bbox 753 1865 874 1900; x_wconf 80' lang='lat' dir='ltr'>facere</span> <span class='ocrx_word' id='word_1_247' title='bbox 909 1866 1002 1900; x_wconf 92' lang='lat' dir='ltr'>nolo.</span> <span class='ocrx_word' id='word_1_248' title='bbox 1039 1866 1081 1900; x_wconf 87' lang='lat' dir='ltr'>Et</span> <span class='ocrx_word' id='word_1_249' title='bbox 1114 1866 1234 1901; x_wconf 86' lang='lat' dir='ltr'>subdit</span> 
     </span>
     <span class='ocr_line' id='line_1_29' title="bbox 63 1923 1234 1969; baseline 0.002 -11"><span class='ocrx_word' id='word_1_250' title='bbox 63 1923 160 1969; x_wconf 88' lang='lat' dir='ltr'>quod</span> <span class='ocrx_word' id='word_1_251' title='bbox 196 1933 267 1958; x_wconf 94' lang='lat' dir='ltr'>non</span> <span class='ocrx_word' id='word_1_252' title='bbox 304 1923 555 1968; x_wconf 58' lang='lat' dir='ltr'>praetermittat</span> <span class='ocrx_word' id='word_1_253' title='bbox 591 1933 635 1959; x_wconf 81' lang='lat' dir='ltr'>ex</span> <span class='ocrx_word' id='word_1_254' title='bbox 672 1924 852 1959; x_wconf 70' lang='lat' dir='ltr'>oblivione</span> <span class='ocrx_word' id='word_1_255' title='bbox 887 1924 1063 1960; x_wconf 79' lang='lat' dir='ltr'>offensam</span> <span class='ocrx_word' id='word_1_256' title='bbox 1102 1925 1234 1960; x_wconf 80' lang='lat' dir='ltr'>factam</span> 
     </span>
     <span class='ocr_line' id='line_1_30' title="bbox 65 1982 1234 2029; baseline 0.002 -11"><span class='ocrx_word' id='word_1_257' title='bbox 65 1983 225 2028; x_wconf 56' lang='lat' dir='ltr'>planem,</span> <span class='ocrx_word' id='word_1_258' title='bbox 253 1982 397 2018; x_wconf 88' lang='lat' dir='ltr'>dicens:</span> <span class='ocrx_word' id='word_1_259' title='bbox 425 1985 457 2017; x_wconf 79' lang='lat' dir='ltr'>et</span> <span class='ocrx_word' id='word_1_260' title='bbox 490 1984 574 2026; x_wconf 70' lang='lat' dir='ltr'>ayyi</span> <span class='ocrx_word' id='word_1_261' title='bbox 607 1993 629 2017; x_wconf 87' lang='grc' dir='ltr'><em>α</em></span> <span class='ocrx_word' id='word_1_262' title='bbox 666 1987 785 2027; x_wconf 80' lang='lat' dir='ltr'>mente,</span> <span class='ocrx_word' id='word_1_263' title='bbox 814 1984 1016 2029; x_wconf 86' lang='lat' dir='ltr'>specialiter</span> <span class='ocrx_word' id='word_1_264' title='bbox 1044 1984 1137 2019; x_wconf 90' lang='lat' dir='ltr'>inter</span> <span class='ocrx_word' id='word_1_265' title='bbox 1164 1985 1234 2021; x_wconf 86' lang='lat' dir='ltr'>alia</span> 
     </span>
     <span class='ocr_line' id='line_1_31' title="bbox 64 2042 1235 2088; baseline 0.002 -11"><span class='ocrx_word' id='word_1_266' title='bbox 64 2042 263 2087; x_wconf 81' lang='lat' dir='ltr'>scribenda,</span> <span class='ocrx_word' id='word_1_267' title='bbox 292 2043 433 2085; x_wconf 76' lang='lat' dir='ltr'>qnando</span> <span class='ocrx_word' id='word_1_268' title='bbox 460 2045 493 2077; x_wconf 77' lang='lat' dir='ltr'>m</span> <span class='ocrx_word' id='word_1_269' title='bbox 512 2043 541 2076; x_wconf 85' lang='lat' dir='ltr'>le</span> <span class='ocrx_word' id='word_1_270' title='bbox 559 2043 676 2085; x_wconf 72' lang='lat' dir='ltr'>scrivi,</span> <span class='ocrx_word' id='word_1_271' title='bbox 697 2042 760 2077; x_wconf 86' lang='lat' dir='ltr'>ista</span> <span class='ocrx_word' id='word_1_272' title='bbox 785 2042 896 2078; x_wconf 79' lang='lat' dir='ltr'>verba</span> <span class='ocrx_word' id='word_1_273' title='bbox 916 2043 1085 2088; x_wconf 78' lang='lat' dir='ltr'>obscura⁷</span> <span class='ocrx_word' id='word_1_274' title='bbox 1110 2045 1146 2079; x_wconf 76' lang='lat' dir='ltr'>cli</span> <span class='ocrx_word' id='word_1_275' title='bbox 1164 2055 1235 2079; x_wconf 75' lang='lat' dir='ltr'>non</span> 
     </span>
     <span class='ocr_line' id='line_1_32' title="bbox 65 2102 1236 2149; baseline 0.003 -12"><span class='ocrx_word' id='word_1_276' title='bbox 65 2103 171 2146; x_wconf 73' lang='lat' dir='ltr'>colar,</span> <span class='ocrx_word' id='word_1_277' title='bbox 198 2102 299 2147; x_wconf 89' lang='lat' dir='ltr'>idest,</span> <span class='ocrx_word' id='word_1_278' title='bbox 328 2106 461 2147; x_wconf 83' lang='lat' dir='ltr'>tacere,</span> <span class='ocrx_word' id='word_1_279' title='bbox 489 2104 572 2146; x_wconf 76' lang='lat' dir='ltr'>qual</span> <span class='ocrx_word' id='word_1_280' title='bbox 596 2103 655 2136; x_wconf 70' lang='grc' dir='ltr'><em>Ιιαι·</em></span> <span class='ocrx_word' id='word_1_281' title='bbox 681 2103 767 2137; x_wconf 75' lang='lat' dir='ltr'>vista</span> <span class='ocrx_word' id='word_1_282' title='bbox 794 2104 829 2137; x_wconf 83' lang='lat' dir='ltr'>la</span> <span class='ocrx_word' id='word_1_283' title='bbox 849 2104 986 2147; x_wconf 78' lang='lat' dir='ltr'>pianla,</span> <span class='ocrx_word' id='word_1_284' title='bbox 1007 2103 1106 2149; x_wconf 80' lang='lat' dir='ltr'>idest,</span> <span class='ocrx_word' id='word_1_285' title='bbox 1125 2105 1236 2140; x_wconf 88' lang='lat' dir='ltr'>arho—</span> 
     </span>
     <span class='ocr_line' id='line_1_33' title="bbox 67 2160 1236 2208; baseline 0.003 -11"><span class='ocrx_word' id='word_1_286' title='bbox 67 2172 144 2197; x_wconf 89' lang='lat' dir='ltr'>rem</span> <span class='ocrx_word' id='word_1_287' title='bbox 173 2162 340 2205; x_wconf 74' lang='lat' dir='ltr'>scientiae,</span> <span class='ocrx_word' id='word_1_288' title='bbox 368 2160 450 2197; x_wconf 70' lang='lat' dir='ltr'>ch&#39;e&#39;</span> <span class='ocrx_word' id='word_1_289' title='bbox 475 2172 517 2196; x_wconf 82' lang='lat' dir='ltr'>or</span> <span class='ocrx_word' id='word_1_290' title='bbox 544 2163 609 2196; x_wconf 77' lang='lat' dir='ltr'>clue</span> <span class='ocrx_word' id='word_1_291' title='bbox 637 2163 722 2196; x_wconf 73' lang='lat' dir='ltr'>volte</span> <span class='ocrx_word' id='word_1_292' title='bbox 745 2162 906 2197; x_wconf 74' lang='lat' dir='ltr'>(lirubala</span> <span class='ocrx_word' id='word_1_293' title='bbox 930 2164 1033 2207; x_wconf 75' lang='lat' dir='ltr'>quivi,</span> <span class='ocrx_word' id='word_1_294' title='bbox 1053 2163 1170 2208; x_wconf 91' lang='lat' dir='ltr'>primo</span> <span class='ocrx_word' id='word_1_295' title='bbox 1189 2165 1236 2200; x_wconf 86' lang='lat' dir='ltr'>ab</span> 
     </span>
    </p>
   </div>
   <div class='ocr_carea' id='block_1_3' title="bbox 127 2254 963 2323">
    <p class='ocr_par' dir='ltr' id='par_1_3' title="bbox 127 2254 963 2323">
     <span class='ocr_line' id='line_1_34' title="bbox 127 2254 963 2285; baseline 0.002 -8"><span class='ocrx_word' id='word_1_296' title='bbox 127 2254 153 2283; x_wconf 81' lang='lat'>(¹)</span> <span class='ocrx_word' id='word_1_297' title='bbox 173 2257 225 2283; x_wconf 85' lang='lat'>¹17,</span> <span class='ocrx_word' id='word_1_298' title='bbox 242 2255 350 2284; x_wconf 77' lang='lat' dir='ltr'>expedit.</span> <span class='ocrx_word' id='word_1_299' title='bbox 632 2254 658 2283; x_wconf 69' lang='lat'>(²)</span> <span class='ocrx_word' id='word_1_300' title='bbox 677 2255 705 2278; x_wconf 86' lang='lat' dir='ltr'>E.</span> <span class='ocrx_word' id='word_1_301' title='bbox 724 2255 789 2278; x_wconf 78' lang='lat' dir='ltr'>sicu!</span> <span class='ocrx_word' id='word_1_302' title='bbox 807 2257 831 2278; x_wconf 86' lang='lat' dir='ltr'>et</span> <span class='ocrx_word' id='word_1_303' title='bbox 850 2256 963 2285; x_wconf 73' lang='lat' dir='ltr'>gentiles.</span> 
     </span>
     <span class='ocr_line' id='line_1_35' title="bbox 128 2291 852 2323; baseline 0.001 -8"><span class='ocrx_word' id='word_1_304' title='bbox 128 2291 153 2321; x_wconf 82' lang='lat'>(¹)</span> <span class='ocrx_word' id='word_1_305' title='bbox 175 2292 201 2315; x_wconf 78' lang='lat' dir='ltr'>E.</span> <span class='ocrx_word' id='word_1_306' title='bbox 219 2299 318 2315; x_wconf 86' lang='lat' dir='ltr'>eorum.</span> <span class='ocrx_word' id='word_1_307' title='bbox 633 2292 658 2321; x_wconf 76' lang='lat'>(⁸)</span> <span class='ocrx_word' id='word_1_308' title='bbox 676 2293 705 2316; x_wconf 82' lang='grc' dir='ltr'>Ε.</span> <span class='ocrx_word' id='word_1_309' title='bbox 719 2293 852 2323; x_wconf 77' lang='lat' dir='ltr'>juvenum.</span> 
     </span>
    </p>
   </div>
  </div>
 </body>
</html>
