1766 2856
500 252 570 282 444
893 253 1100 280 COMENTUM
1127 254 1293 278 PARADISI

497 341 610 377 gnum
640 328 843 365 exercitum
878 327 1140 372 pompeianum
1174 330 1441 373 congregatum
1476 327 1511 362 in
1545 327 1676 373 Africa,

499 390 559 425 ubi
586 390 659 424 dno
686 389 799 423 duces
826 390 932 423 erant
959 387 1077 433 Scipio
1104 390 1140 422 et
1166 387 1267 432 Cato,
1295 387 1396 422 velut
1423 387 1561 423 fulmen
1594 388 1678 424 belli

497 450 551 485 vir
578 448 821 485 ardentissimi
849 447 996 493 spiritus
1024 447 1190 483 transivit
1218 448 1253 482 in
1281 447 1452 493 Africam,
1485 448 1546 483 uhi
1573 452 1678 484 erant

496 510 621 546 decem
652 510 812 556 legiones
841 518 1016 552 romana-1²,
1045 511 1081 543 et
1109 518 1174 544 rex
1202 508 1295 544 Juba
1315 518 1401 544 cum
1421 508 1559 544 infinita
1580 509 1678 544 mul-

496 571 648 606 titudine
681 571 936 605 harbarorum.
972 568 1093 604 Caesar
1126 572 1206 614 post
1239 569 1354 604 multa
1381 569 1615 605 incommoda
1641 573 1678 606 et

495 631 623 677 proelia
652 629 885 676 particularia
914 629 1010 675 apnd
1038 629 1180 675 Tapson
1217 630 1349 665 urbem
1378 640 1464 665 cum
1492 629 1566 665 suis
1594 633 1677 666 octo

496 691 699 738 legionibus
726 694 852 726 contra
882 691 1001 725 hostes
1029 690 1146 726 aciem
1167 690 1359 736 ordinavit,
1384 691 1445 726 ubi
1470 691 1600 727 milites
1622 691 1678 727 in-

496 752 671 787 flammati
698 751 952 786 adhortatione
970 747 1005 794 (¹)
1035 751 1125 796 eim,
1149 761 1222 786 non
1245 754 1437 797 expectato
1456 751 1570 799 signo,
1590 762 1675 787 cum

495 822 630 858 magno
660 812 793 847 ardore
828 815 1085 858 pugnaverunt
1121 812 1343 848 trucidantes
1379 823 1518 848 omnes.
1554 813 1676 849 Caesar

496 872 561 907 tria
599 876 716 907 castra
753 872 910 907 bostium
946 872 1051 918 cepit,
1090 873 1235 918 scilicet,
1272 873 1456 919 Scipionis‚
1491 873 1607 919 Jubae,
1641 877 1676 910 et

495 932 649 968 Labieni.
679 932 772 968 Juba
800 936 836 968 et
863 933 1028 968 Petreius
1058 933 1212 969 finaliter
1240 933 1286 969 ad
1314 944 1479 970 mensam
1502 934 1595 970 bene
1613 944 1678 980 po-

495 993 554 1028 tati
575 1004 613 1028 se
634 997 764 1028 mutuo
785 993 1058 1029 interfecerunt.
1078 994 1195 1040 Scipio
1214 994 1289 1030 dux
1309 995 1490 1041 generalis
1509 995 1675 1031 omnium

494 1065 577 1089 cum
608 1053 642 1088 in
672 1053 753 1088 navi
778 1054 923 1100 sugeret
945 1054 979 1089 in
1000 1048 1221 1101 Hispaniam,
1240 1055 1491 1101 deprehensus
1512 1066 1533 1091 a
1556 1056 1677 1091 Caesa-

499 1115 607 1150 rianis
626 1115 746 1161 gladio
766 1125 804 1150 se
824 1115 1019 1160 percussit;
1040 1119 1075 1151 et
1095 1116 1345 1161 quaerentibus
1365 1117 1425 1151 ubi
1446 1120 1540 1152 esset
1561 1117 1677 1162 impe-

496 1179 607 1220 rator,
626 1175 827 1221 respondit:
849 1176 1049 1222 imperator
1068 1176 1162 1212 bene
1181 1187 1219 1212 se
1235 1177 1353 1212 babet.
1370 1177 1492 1213 Caesar
1507 1177 1673 1212 omnium

495 1236 610 1271 victor
637 1236 792 1271 Romam
823 1236 937 1281 rediit7
965 1236 1094 1272 deinde
1113 1237 1274 1272 inaudita
1294 1237 1480 1273 celeritate
1509 1237 1674 1272 transivit

495 1297 529 1330 in
549 1297 769 1342 Hispaniam,
786 1297 846 1332 ubi
868 1297 942 1332 duo
963 1296 1022 1331 filii
1043 1297 1202 1343 Pompeii
1225 1303 1373 1343 propter
1394 1297 1613 1333 memoriam
1638 1301 1674 1333 et

494 1357 627 1392 samam
651 1358 761 1403 patris
783 1368 959 1404 magnum
982 1358 1145 1393 favorem
1165 1358 1397 1403 invenerant3
1426 1353 1521 1402 ibiffi)
1551 1361 1674 1394 extre-

494 1419 560 1453 mis
588 1419 725 1454 xiribns
754 1422 789 1454 et
816 1419 906 1453 odiis
934 1422 1140 1465 pugnatum
1164 1422 1218 1454 est
1236 1419 1333 1464 apud
1352 1418 1523 1454 Mundam
1547 1418 1674 1454 eivita-

493 1483 584 1523 tem3
614 1490 679 1514 nee
708 1490 872 1524 unquam
893 1479 1014 1514 Caesar
1043 1479 1077 1514 in
1105 1482 1180 1514 tam
1208 1483 1378 1515 extremo
1397 1479 1561 1525 periculo
1585 1478 1671 1514 fuit:

492 1550 576 1574 narn
612 1540 708 1575 acies
745 1543 1021 1585 veteranorum,
1056 1550 1121 1585 per
1152 1543 1204 1575 tot
1239 1543 1405 1585 tempora
1440 1539 1476 1574 in
1503 1540 1674 1575 omnibus

491 1599 592 1634 bellis
620 1600 771 1645 probata
791 1603 826 1635 et
846 1600 1003 1642 laudata,
1021 1605 1184 1645 coeperat
1204 1600 1391 1645 paullatim
1417 1600 1673 1646 retrocedere3

491 1659 552 1694 sed
580 1660 701 1694 Caesar
727 1660 773 1694 ab
801 1670 898 1704 equo
924 1660 1092 1695 desiliens
1112 1660 1221 1705 coepit
1241 1660 1450 1705 praecedere
1472 1661 1588 1696 aciem
1610 1671 1674 1707 pe-

491 1719 606 1753 ditum
626 1715 661 1763 (³)
682 1719 781 1754 velut
805 1720 975 1763 furiosus,
996 1730 1108 1755 manu
1129 1723 1165 1755 et
1184 1719 1307 1766 lingua
1329 1710 1505 1756 revocans
1529 1720 1673 1767 fngien—

492 1782 568 1823 tes3
598 1779 669 1813 imo
699 1779 797 1814 visus
824 1782 877 1814 est
904 1779 1067 1826 cogitare
1094 1779 1139 1815 de
1168 1783 1297 1825 morte,
1327 1780 1457 1816 timens
1485 1781 1670 1817 fortunam

491 1849 569 1874 esse
599 1842 790 1884 mutatam,
819 1839 965 1875 tandem
996 1840 1141 1875 fortuna
1169 1841 1321 1875 contulit
1355 1841 1420 1876 sibi
1449 1841 1670 1888 insperatam

490 1899 691 1934 victoriam.
709 1900 799 1934 Nam
819 1900 982 1945 quinque
997 1901 1167 1936 cobortes
1182 1901 1329 1937 Labieni
1345 1913 1428 1947 quae
1450 1902 1495 1938 ad
1517 1912 1672 1938 succur-

488 1970 570 1994 sum
593 1963 800 1995 castrorum
826 1960 1077 2006 mittebantur,
1098 1961 1245 1996 credita:
1266 1962 1404 2009 fugere,
1424 1963 1672 2008 praestiterunt

489 2020 562 2055 suis
583 2021 774 2056 materiam
796 2021 967 2067 fugiendi,
988 2025 1024 2057 et
1050 2021 1183 2057 Caesari
1212 2022 1402 2058 victoriam
1425 2033 1510 2058 cum
1537 2034 1671 2070 magna

488 2084 610 2127 strage
626 2081 784 2116 bostium
800 2085 836 2117 et
853 2086 971 2118 morte
986 2082 1144 2118 Labieni.
1155 2082 1278 2118 Gneus
1294 2083 1510 2119 vulneratus
1529 2084 1672 2130 fugiens

488 2152 551 2186 per
571 2143 709 2188 sylvam
732 2143 943 2178 interfectus
963 2146 1016 2179 est
1032 2154 1064 2192 ⁴a
1091 2143 1269 2179 Cesennio
1298 2144 1418 2190 legato
1444 2143 1608 2189 Caesaris,
1635 2148 1672 2180 et

487 2205 596 2247 caput
611 2202 744 2237 Caesari
761 2206 1033 2248 praesentatnm.
1053 2203 1184 2239 Ultimo
1198 2204 1319 2239 Caesar
1339 2203 1481 2239 visitata
1501 2203 1668 2250 Hispania

550 2331 577 2360 (¹)
594 2334 616 2359 6,
635 2332 665 2356 ad
684 2333 857 2357 hortationem
875 2334 939 2358 eius.
1068 2335 1093 2364 (²)
1114 2335 1142 2359 E.
1160 2336 1211 2359 ubi.
1340 2336 1366 2365 (⁸)
1384 2338 1406 2364 -4,
1425 2335 1582 2366 praedictam.
