1766 2856
498 256 568 288 338
892 261 1096 287 COMENTUM
1123 260 1291 286 PARADISI

495 335 661 371 similiter
688 338 806 370 artem
834 333 1043 379 militarem,
1066 333 1233 379 peritiam
1257 343 1465 379 armorum,
1492 334 1676 370 calculum

496 405 760 440 numerorum3
780 394 861 430 ideo
880 394 1013 430 merito
1032 397 1151 429 totum
1168 393 1235 429 fuit
1254 393 1438 430 celebrata
1454 405 1519 440 per
1534 395 1677 441 orbem,

496 459 531 491 et
559 455 742 501 praecipue
775 455 872 501 apud
906 455 1075 490 Athenas.
1111 454 1215 490 Modo
1249 455 1295 490 ad
1327 455 1556 500 propositum
1593 455 1677 491 dicit

495 518 619 561 poeta:
656 525 725 562 ego
759 515 891 562 navigo
925 515 1031 550 istam
1067 525 1216 561 aquam,
1251 515 1338 560 quia
1374 515 1491 551 habeo
1523 520 1676 551 ventum

496 586 728 622 prosperum7
756 576 902 621 scilicet,
935 575 1099 611 favorem
1133 576 1325 621 Minervae3
1354 576 1452 612 unde
1478 576 1581 612 dicit:
1610 579 1678 613 Mi-

496 646 607 670 nerva
642 637 754 681 spira,
787 636 888 681 idest,
920 635 1075 671 infundit
1109 636 1195 671 mihi
1229 636 1397 682 spiritum
1432 637 1629 683 sapienti-ze,
1662 649 1680 673 e

497 697 697 731 conducent&
723 698 862 741 Apollo,
894 696 997 742 quasi
1025 696 1139 731 dicat:
1158 696 1277 732 habeo
1298 697 1437 732 honum
1461 701 1613 734 nautam
1643 701 1679 734 et

496 756 786 802 gubernatorem
815 767 907 792 meae
934 756 1048 801 navis,
1068 756 1214 802 seilicet,
1237 756 1440 802 Apollinem
1459 757 1570 793 deum
1589 768 1679 804 poe-

497 818 632 861 tarum,
653 816 757 852 cuius
784 816 963 852 auxilium
984 816 1192 862 imploravit
1211 816 1247 851 in
1266 817 1484 863 praeeedenti
1500 818 1678 864 eapitu103

498 879 532 911 et
562 875 668 911 tertio
696 876 813 911 habeo
847 879 1058 923 magnetem
1094 880 1130 912 et
1163 887 1272 912 acum
1289 874 1338 922 (¹),
1373 887 1456 922 quae
1483 878 1679 913 ostendunt

497 935 584 970 milii
612 939 898 982 tramontanam,
917 936 961 972 ad
982 947 1093 982 quam
1114 937 1247 983 navigo
1265 937 1301 972 in
1320 937 1388 972 isto
1416 948 1550 984 magno
1573 938 1676 973 mari.

495 996 597 1032 Unde
632 996 734 1032 dicit:
771 1009 788 1032 e
822 1008 909 1033 nove
940 1008 1046 1041 meme,
1083 1007 1199 1032 musae
1226 997 1399 1033 dicuntur
1431 1008 1566 1034 novem
1600 999 1678 1034 deae

496 1060 702 1103 poetarum,
730 1057 775 1093 de
803 1058 936 1103 quibus
963 1059 1070 1104 plene
1100 1058 1172 1093 dixi
1201 1058 1320 1104 primo
1352 1058 1511 1104 capitulo
1538 1059 1680 1106 Purga-

497 1117 591 1163 terii7
622 1119 669 1152 mi
695 1119 891 1153 ‹limoso-an
920 1120 1066 1163 l'Orse;
1094 1129 1179 1154 nam
1207 1118 1242 1153 in
1271 1122 1395 1154 nostro
1424 1119 1506 1164 polo
1534 1123 1679 1165 septen-

498 1178 642 1214 trionali
669 1182 755 1214 sunt
781 1179 864 1214 duae
891 1179 1194 1224 constellationes,
1218 1178 1352 1214 scilicet
1384 1189 1471 1214 ursa
1498 1179 1616 1215 maior
1643 1182 1679 1215 et-

498 1240 630 1286 minor,
660 1240 694 1275 in
722 1251 795 1286 qua
823 1244 876 1276 est
904 1243 1148 1285 tramontana‚
1170 1243 1209 1274 ut
1233 1239 1376 1275 dicetur
1403 1240 1501 1276 clare
1528 1240 1591 1275 XV
1619 1250 1680 1276 ca-

497 1301 611 1347 pitulo
639 1300 747 1335 huius
775 1300 875 1346 libri;
895 1301 953 1336 vel
980 1310 1123 1346 expone
1145 1300 1322 1345 subtilius,
1343 1310 1430 1335 nove
1449 1310 1555 1344 muse,
1576 1300 1678 1345 idest,

498 1362 670 1407 novellae,
703 1361 788 1407 quia
825 1362 869 1397 de
903 1371 999 1396 novo
1036 1360 1164 1406 incipio
1202 1363 1351 1406 poetare
1391 1360 1436 1396 de
1473 1371 1563 1396 vero
1603 1361 1679 1396 Deo

496 1426 647 1467 aeterno,
676 1433 750 1458 non
777 1422 822 1458 de
855 1422 932 1457 aliis
948 1417 983 1466 θ)
1012 1421 1191 1468 gentium,
1224 1421 1317 1456 sieut
1344 1421 1511 1457 fecerunt
1538 1421 1679 1467 antiqui

495 1487 623 1529 poetae,
645 1482 718 1528 qui,
749 1486 839 1518 teste
866 1482 1070 1527 Aristotele,
1093 1482 1243 1517 fuerunt
1262 1481 1369 1528 primi
1393 1481 1679 1528 theologizantes

494 1543 539 1579 (le
566 1543 642 1578 diis.
660 1563 708 1567 —
730 1544 790 1577 Ιόί
816 1544 908 1577 allt'i.
938 1543 1042 1577 Nune
1068 1545 1176 1588 poeta
1195 1542 1323 1577 invitat
1342 1545 1534 1588 provectos
1562 1545 1598 1577 et
1624 1542 1680 1577 in-

495 1604 697 1650 telligentes
725 1603 770 1638 ad
798 1603 961 1638 studium
991 1602 1100 1637 liuius
1122 1602 1220 1647 libri;
1241 1603 1338 1638 unde
1360 1602 1519 1649 dirigens
1538 1612 1680 1638 sermo-

494 1673 581 1698 nem
615 1663 661 1698 ad
698 1673 761 1698 eos
795 1663 897 1698 dicit:
934 1664 994 1697 1'02?
1020 1663 1104 1697 altri
1134 1663 1245 1706 poelli.
1283 1663 1380 1697 Bene
1414 1657 1557 1707 dicitff‘),
1593 1661 1679 1707 quia

494 1723 676 1769 sapientes
713 1726 796 1758 sunt
833 1722 954 1768 pauci,
991 1722 1064 1757 imo
1100 1721 1319 1767 paucissimi,
1355 1723 1413 1756 che
1448 1723 1621 1757 drizzaslc‘
1654 1723 1681 1757 il

495 1785 596 1828 collo,
620 1783 720 1829 idest,
740 1787 850 1829 capnt
874 1783 909 1818 in
928 1783 1057 1827 altum,
1077 1784 1115 1817 al
1137 1793 1209 1827 pan
1238 1783 1329 1826 degli
1355 1784 1483 1826 anyelt‘,
1507 1782 1608 1828 idest,
1633 1781 1679 1817 ad

495 1844 702 1880 doctrinam
743 1843 873 1878 divinae
914 1843 1073 1878 scientiae
1096 1837 1145 1887 (ἦ),
1183 1853 1266 1888 quae
1301 1842 1434 1888 scripta
1469 1846 1524 1878 est
1562 1842 1680 1878 mani-
1726 1859 1731 1864 -

497 1904 566 1939 bus
588 1904 772 1950 angelicis,
803 1907 843 1939 ut
879 1903 954 1949 ipse
989 1907 1096 1949 poeta
1123 1903 1263 1949 scripsit
1291 1903 1499 1949 Purgatorii
1525 1903 1678 1948 cantica,

497 1965 553 1999 del
579 1966 663 2009 qual
698 1965 800 1998 elcesi
827 1965 896 2008 qui,
928 1963 1028 2009 idest,
1057 1963 1219 2009 pascitur
1250 1963 1283 1998 in
1317 1963 1384 1999 isto
1412 1963 1550 1999 mundo
1578 1973 1679 1999 mor-

497 2024 571 2069 tali,
600 2035 658 2058 ma
694 2035 762 2059 non
796 2035 856 2059 sen
885 2025 960 2059 rien
986 2025 1126 2068 salello,
1153 2023 1255 2069 idest,
1284 2034 1356 2059 non
1389 2023 1434 2059 ad
1462 2023 1678 2068 satietatem,

495 2085 582 2129 quia
611 2096 683 2120 non
711 2085 899 2130 quietatur
926 2084 1071 2120 animus
1099 2084 1284 2119 humanus
1316 2084 1350 2118 in
1379 2083 1444 2118 ista
1474 2083 1556 2118 vita.
1585 2083 1676 2118 Nam

495 2145 540 2180 de
569 2145 621 2180 rei
651 2145 804 2181 veritate
832 2156 920 2181 vera
948 2145 1096 2193 felicitas
1124 2155 1197 2180 non
1225 2144 1382 2179 habetur
1409 2143 1502 2179 inter
1531 2147 1582 2180 tot
1610 2143 1679 2178 mi-

495 2204 608 2240 serias
636 2206 834 2241 humanas:
854 2209 919 2241 aut
948 2206 1044 2241 enim
1066 2206 1177 2241 homo
1198 2205 1297 2250 ponit
1316 2204 1524 2240 felicitatem
1545 2204 1581 2240 in
1602 2204 1677 2240 for-

562 2299 587 2328 (¹)
606 2300 634 2322 E.
653 2307 751 2323 arcum.
1068 2300 1094 2330 (²)
1112 2300 1141 2323 Ε.
1158 2307 1209 2324 non
1226 2300 1257 2323 de
1276 2301 1322 2324 diis
1340 2301 1463 2330 gentium.

562 2337 587 2367 (Β)
606 2338 634 2361 Ε.
653 2338 713 2361 dicit
728 2339 810 2368 purhi,
829 2340 896 2369 quia.
1067 2338 1093 2368 (Ὃ
1112 2338 1140 2362 E.
1159 2339 1298 2368 sapientiae,
1317 2346 1361 2362 seu
1380 2338 1500 2362 scientiae.
