1737 2836
355 265 492 290 CANTLS
519 265 707 290 molismus
733 265 898 296 QUNTLS.
1134 258 1200 288 117

38 341 80 375 Et
105 339 161 374 hic
188 342 272 373 nota
300 337 397 383 quod
424 336 697 371 matrimonium
726 346 797 371 non
824 337 942 371 solum
974 338 1026 371 est
1056 335 1202 371 ordina-

38 403 116 435 tum
144 398 179 433 in
207 398 320 433 veteri
349 400 383 433 et
416 406 510 432 novo
544 399 761 431 testamento
792 399 827 432 et
860 407 924 442 per
957 396 1055 442 leges
1081 395 1203 431 civiles

38 462 74 495 et
92 458 294 502 canonicas,
315 457 376 492 sed
395 456 503 492 etiam
523 455 619 501 apud
637 456 788 502 gentiles
807 456 899 491 bene
919 456 1091 501 viventes,
1111 456 1203 491 sicut

38 518 123 554 olim
143 517 239 564 apud
257 527 395 563 graecos
421 519 455 551 et
484 525 671 550 romanos:
692 515 766 550 imo
791 518 827 550 et
853 515 1060 551 Aristoteles
1080 515 1115 550 in
1134 515 1204 550 Po-

39 578 141 613 liticis
168 577 295 623 probat
312 573 347 620 (¹)
375 575 471 620 quod
490 574 702 610 naturaliter
723 575 831 609 homo
850 578 903 609 est
925 575 1059 610 animal
1078 575 1205 610 coniu-

39 638 121 684 gale
147 639 338 672 contentus
366 645 447 670 una.
475 634 516 669 Et
544 634 725 670 concludit
756 638 861 679 poeta
892 634 1013 669 dicens
1041 638 1076 669 et
1103 634 1204 669 elau-

39 696 127 732 dens
154 696 373 741 capitulum:
401 705 418 729 e
445 698 560 738 questo
587 695 702 737 modo,
729 693 920 738 clamandi,
941 694 1044 728 credo
1071 694 1128 727 elce
1153 695 1208 728 lor

40 757 139 799 hasti,
166 755 299 790 scilicet
328 754 552 798 mulieribus7
584 764 648 798 per
681 757 762 788 tutto
780 755 804 788 ’l
829 757 939 797 tempo
969 754 1028 787 che
1049 754 1074 787 'l
1102 755 1205 798 suoco

39 818 87 860 9ῐὶ
104 815 284 857 abbrzccz'a,
299 814 343 849 ad
358 813 632 860 purgationem:
649 817 684 848 et
699 823 783 848 ecce
798 823 959 858 causam,
975 823 1038 847 con
1058 814 1107 847 tal
1120 823 1206 848 cura

41 877 182 911 com-ten
204 886 220 909 e
247 885 311 909 con
339 875 388 908 [αι’
407 875 522 918 pasti;
550 873 652 918 quasi
680 873 789 908 dicat:
812 873 891 908 talis
919 872 1097 908 medicina
1119 883 1207 908 con-

42 935 140 970 venit
167 944 251 969 cum
279 933 410 968 talibus
438 932 583 977 morbis,
612 932 755 977 scilicet,
776 936 816 967 ut
838 932 928 978 ignis
955 936 1209 977 compescatur

42 994 136 1041 igne,
163 995 221 1028 elce
238 995 268 1027 si
292 994 421 1027 ricueia
440 993 474 1026 la
494 994 604 1037 playa
626 993 672 1027 da
690 1003 819 1036 sez:o;
839 993 905 1027 hoc
928 996 981 1027 est
1008 992 1129 1028 dicere
1152 992 1210 1027 ul-

44 1053 174 1088 timum
201 1056 402 1098 peccatum,
426 1051 558 1087 scilicet
585 1055 773 1097 peccatum
798 1051 963 1086 luxuriae.
985 1052 1026 1086 Et
1048 1055 1102 1087 est
1125 1062 1211 1087 con-

43 1113 191 1148 veniens
231 1112 462 1157 metaphora:
503 1111 595 1145 sicut
635 1111 731 1146 enim
767 1111 928 1146 medicus
962 1111 1033 1146 suit
1066 1112 1207 1158 plagam

45 1182 227 1218 magnam,
256 1174 290 1206 et
317 1170 511 1215 aliquando
538 1170 608 1204 urit
637 1170 733 1205 illam
761 1170 844 1217 igne
872 1181 916 1206 ne
943 1175 1137 1216 putrescat,
1161 1172 1208 1207 ita

43 1234 202 1267 aeternus
218 1230 379 1266 medicus
395 1233 583 1276 peccatum
603 1229 758 1264 luxuriae
779 1230 833 1264 hic
854 1235 985 1276 purgat
1004 1240 1068 1276 per
1088 1231 1207 1277 ignem

46 1300 91 1326 ne
118 1291 232 1336 pariat
259 1290 407 1325 saniem.

106 1416 131 1445 (¹)
150 1416 179 1438 E.
197 1416 266 1445 ponit
284 1418 308 1438 el
327 1415 424 1445 probat,
442 1414 537 1438 scilicet
556 1414 632 1444 quod.
