1766 2856
477 251 547 283 464
872 253 1077 279 εοΜΕΝΤυΜ
1104 252 1270 278 PARAmsl

477 340 554 365 rem
592 329 656 363 nisi
688 330 884 373 cognoscat
923 336 962 361 se
1001 326 1257 372 ignorantem,
1294 325 1416 361 nullus
1448 325 1656 362 adiutorem

476 389 540 424 nisi
567 390 761 434 cognoscat
789 397 827 422 se
854 386 1112 431 impotentem3
1142 386 1253 421 homo
1281 385 1376 421 enim
1406 389 1486 432 post
1512 387 1655 432 lapsum

475 448 594 483 adhuc
621 446 854 492 superbiebat
881 445 926 481 de
953 445 1103 481 scientia
1135 449 1171 481 et
1202 445 1359 482 virtute:
1391 446 1472 482 ideo
1498 450 1578 493 post
1604 447 1658 483 le-

474 518 558 555 gem
596 511 738 543 naturae
775 510 810 542 et
846 507 1037 552 scripturae
1079 506 1254 552 subsequi
1290 507 1415 543 debuit
1455 507 1657 544 incarnatio

475 568 594 603 Verbi.
624 568 714 603 Dicit
741 578 848 614 ergo:
878 568 967 602 oncle
994 568 1157 602 Cumana
1188 569 1298 612 specie
1324 568 1475 613 inferum
1498 569 1656 613 maeque,

475 627 577 674 gravi
613 627 822 663 infirmitate
853 627 1077 673 animorum,
1106 638 1189 673 quae
1221 627 1323 673 peior
1358 628 1475 664 multo
1492 625 1527 672 (Γ)
1556 628 1657 664 infir-

475 688 600 724 mitate
627 698 836 734 corporum,
866 690 901 723 in
926 689 1066 731 arande
1091 698 1228 731 errore,
1258 698 1401 735 magnae
1429 689 1656 735 ignorantiae,

475 753 510 783 et
537 748 741 794 periculose
769 751 922 795 aegrotat
950 748 1013 793 qui
1041 758 1080 784 se
1106 751 1289 794 aegrotare
1319 748 1474 795 ignorat,
1492 746 1564 793 yzit,
1586 748 1657 784 sci—

476 809 567 853 licet,
597 809 632 843 in
660 809 797 843 mundo
825 808 981 854 mortali,
1001 819 1067 853 per
1093 810 1197 843 secoli
1214 810 1322 853 molli,
1346 808 1437 845 idest
1456 820 1520 855 per
1540 809 1654 845 multa

474 868 684 904 centenaria
706 878 903 913 annorum,
923 879 1006 914 quae
1026 868 1161 904 faciunt
1182 869 1346 914 quinque
1371 869 1481 905 millia
1504 873 1653 905 centum

473 929 669 975 nonaginta
698 939 843 974 novem,
873 929 953 965 ideo
981 934 1060 965 erat
1087 940 1179 976 opus
1207 940 1355 965 summo
1374 930 1537 975 medico3
1558 930 1655 965 unde

472 988 572 1024 dicit:
597 990 648 1033 fin
674 990 724 1024 cla'
735 991 772 1024 al
798 990 905 1025 Verbo
933 991 969 1025 cli
986 992 1068 1034 Dio,
1088 990 1191 1035 idest,
1215 990 1323 1026 unico
1342 986 1376 1035 (²)
1407 990 1491 1036 filio,
1509 992 1655 1036 piaeque

473 1051 509 1084 (Ii
534 1050 692 1094 scender,
711 1050 858 1095 scilicet,
881 1051 917 1085 in
945 1051 1125 1086 mundum
1144 1046 1195 1096 ff),
1216 1051 1278 1096 qui
1306 1051 1445 1096 ubique
1471 1054 1536 1097 est,
1555 1054 1656 1087 certe

476 1110 572 1145 venit
600 1113 640 1145 ut
667 1110 813 1146 visibilis
840 1114 1158 1157 appareret—E
1186 1113 1221 1146 [α
1248 1115 1389 1146 natura.
1418 1111 1481 1147 Hic
1509 1111 1653 1147 Beatrix

475 1174 568 1206 tacta
605 1171 839 1207 damnatione
874 1172 1032 1207 hominis
1064 1171 1235 1207 describit
1268 1172 1556 1208 incarnationem
1588 1181 1654 1217 per

474 1242 585 1277 quam
615 1231 707 1267 facta
735 1235 788 1268 est
816 1232 998 1278 reparatio
1026 1232 1124 1268 eius:
1154 1232 1252 1268 solus
1271 1232 1368 1267 enim
1389 1232 1450 1278 qui
1470 1232 1537 1267 fuit
1555 1231 1655 1278 prin—

473 1293 607 1339 cipium
627 1293 857 1328 causativum
879 1296 931 1329 est
951 1293 1168 1339 principium
1195 1293 1456 1338 recreativum,
1475 1293 1653 1337 Verbum,

473 1353 606 1389 scilicet
634 1353 749 1389 Patris
776 1357 971 1398 aeternum,
996 1353 1095 1399 quod
1117 1357 1171 1389 est
1199 1354 1363 1389 Christus
1382 1354 1487 1389 Jesus
1514 1353 1655 1389 media-

473 1417 527 1449 tor
555 1413 618 1449 Dei
647 1416 683 1449 et
710 1413 912 1449 hominum.
940 1414 980 1448 Et
1000 1414 1045 1449 ad
1065 1414 1174 1449 huius
1194 1414 1308 1450 literae
1329 1414 1430 1449 fortis
1452 1413 1656 1460 intelligen-

472 1473 558 1509 tiam
587 1477 640 1509 est
666 1474 959 1520 praenotandum,
988 1474 1086 1519 quod
1118 1474 1215 1510 Patri
1246 1484 1318 1509 non
1347 1473 1517 1509 convenit
1549 1473 1654 1518 mitti,

471 1534 556 1579 quia
584 1545 656 1570 non
684 1538 738 1570 est
764 1535 810 1570 ab
838 1535 908 1579 illo,
938 1545 1004 1570 nec
1031 1535 1178 1581 Spiritui
1207 1537 1344 1579 sancto,
1366 1544 1411 1570 ne
1439 1537 1560 1570 essent
1580 1534 1654 1569 duo

472 1593 531 1629 filii
559 1595 594 1629 in
623 1595 793 1640 trinitate,
825 1606 921 1630 unus
949 1595 982 1630 in
1013 1595 1253 1640 humanitate,
1281 1595 1373 1630 alius
1398 1595 1431 1630 in
1453 1594 1650 1630 divinitate.

470 1655 631 1690 Persona
661 1655 772 1700 igitur
800 1655 861 1689 filii
889 1658 941 1691 est
971 1655 1169 1699 incarnata,
1190 1659 1231 1689 ut
1259 1655 1354 1691 idem
1377 1655 1539 1700 quierat
1560 1654 1654 1690 filius

472 1714 506 1749 in
534 1714 731 1759 divinitate,
760 1718 854 1750 esset
881 1715 975 1750 filius
1002 1715 1037 1750 in
1066 1715 1304 1751 humanitate.
1338 1716 1424 1751 Erat
1451 1715 1560 1751 etiam
1589 1715 1654 1750 de-

472 1785 557 1810 cens
587 1779 625 1809 ut
653 1775 745 1810 sicut
773 1778 876 1820 pater
903 1775 1083 1810 mundum
1115 1775 1195 1810 fecit
1215 1786 1280 1821 per
1298 1775 1512 1820 sapientiam
1535 1785 1653 1819 suam,

473 1835 519 1870 ita
547 1845 612 1880 per
650 1835 819 1870 eamdem
855 1835 1054 1871 redimeret
1083 1835 1223 1881 ipsum3
1252 1839 1287 1871 et
1319 1835 1404 1881 quia
1438 1836 1473 1871 in
1505 1835 1654 1871 homine

472 1899 631 1941 utraque
658 1898 790 1931 natura
818 1900 898 1931 erat
926 1899 1111 1942 corrupta,
1132 1896 1266 1932 scilicet
1294 1896 1417 1932 anima
1446 1900 1481 1931 et
1508 1906 1651 1941 corpus,

471 1957 551 1992 ideo
578 1956 735 2002 suscepit
762 1960 967 2002 utrumque
1002 1960 1042 1991 ut
1080 1960 1283 2003 utrumque
1314 1957 1497 1993 liberaret.
1526 1957 1569 1992 Et
1595 1960 1651 1992 ta-

472 2028 554 2053 men
587 2018 684 2053 Deus
711 2017 886 2063 Verbum,
916 2017 1118 2053 secundum
1153 2018 1398 2064 Augustinum
1426 2018 1471 2054 de
1505 2017 1575 2053 fide
1603 2017 1649 2053 ad

471 2078 631 2123 Petrum,
656 2088 727 2113 non
746 2077 885 2123 accepit
913 2088 1107 2123 personam
1137 2078 1291 2113 bominis
1319 2077 1381 2113 sed
1407 2081 1589 2112 naturam.
1610 2077 1649 2111 In

468 2138 609 2173 Christo
636 2138 732 2174 enim
761 2138 844 2174 duae
872 2141 1015 2174 natura}
1039 2141 1138 2186 sunt,
1165 2138 1297 2183 divina,
1326 2138 1473 2183 scilicet,
1508 2141 1545 2173 et
1578 2138 1648 2173 hu—

470 2209 597 2244 mana3
626 2203 662 2234 et
688 2203 762 2235 tres
789 2199 1013 2243 substantiae,
1033 2209 1132 2244 carO,
1158 2199 1280 2234 anima
1309 2202 1344 2234 et
1375 2199 1557 2243 Verbum,
1584 2198 1647 2234 sed

532 2291 557 2319 (¹)
576 2291 605 2314 E.
624 2292 707 2315 multo
725 2295 763 2315 cst
780 2292 936 2316 infirmitate.
1128 2291 1154 2320 ψ’)
1174 2292 1201 2315 E.
1220 2292 1297 2316 unico
1315 2292 1360 2315 Dei
1379 2291 1440 2315 filio.

533 2329 558 2355 1³1,
578 2330 606 2352 E.
625 2330 648 2352 in
668 2331 801 2353 mnndum.
820 2331 868 2353 Sed
887 2331 1019 2361 quomodo
1036 2331 1105 2354 venit
1122 2331 1147 2354 in
1165 2330 1292 2353 mundum
1310 2330 1353 2360 qui
1372 2329 1466 2360 ubique
1483 2331 1538 2353 est?
1555 2331 1633 2353 certe.
