1766 2856
502 233 572 265 286
864 236 1067 262 COMENTUM
1094 235 1317 261 PURGAToan

499 313 558 346 che
581 314 635 357 sni
657 321 780 356 presso
808 311 855 344 cla
883 319 973 353 essa,
998 305 1067 343 cosi
1093 310 1179 343 com’
1195 310 1316 343 anima
1342 310 1460 352 gentil,
1488 319 1560 343 non
1588 307 1677 352 vilis,

500 382 572 407 non
600 371 750 414 servilis,
779 371 837 404 che
863 380 933 404 non
959 371 999 414 fa
1025 379 1139 413 seusa,
1159 368 1243 414 quia
1262 368 1372 404 habet
1398 378 1463 413 pro
1490 367 1607 414 gratia
1626 367 1680 403 fa-

501 441 585 466 eere
607 430 704 475 quod
725 429 954 475 praecipitum
985 428 1082 464 unde
1109 428 1212 464 dicit:
1234 438 1291 462 ma
1307 429 1347 473 sa
1366 438 1431 462 sua
1454 429 1570 472 voylia
1588 429 1680 462 della

502 492 618 534 voylz'a
653 491 772 533 allruz',
807 489 891 535 quia
925 489 1119 525 confirmat
1152 488 1318 524 animum
1356 498 1466 523 suum
1501 487 1681 523 voluntati

502 550 754 596 praecipientis,
783 553 868 585 tosto
895 551 953 585 che
978 551 1027 593 ,qli
1054 547 1072 584 e*
1096 550 1283 592 disclu‘usa,
1311 548 1412 593 idest,
1441 547 1561 583 statim
1595 557 1680 583 cum

504 614 557 646 est
584 610 649 646 sibi
677 614 814 656 aperta,
848 621 913 654 per
939 620 1059 653 segmo,
1087 609 1188 653 idest,
1212 608 1351 653 absque
1379 618 1422 644 eo
1450 608 1548 653 quod
1575 607 1682 644 faciat

504 671 673 716 verbum,
710 670 803 705 sicut
838 670 1009 716 praecepit
1040 669 1211 715 Virgilius
1243 672 1367 704 nostro
1402 672 1518 714 poetae
1549 668 1683 704 Inferni

504 730 662 776 capitulo
680 730 818 764 XXIIII.
840 731 881 764 Et
903 730 1003 765 dicit:
1023 741 1040 764 e
1063 731 1152 764 clz'sse
1179 739 1201 762 α
1229 730 1360 773 5ία;ῖο,
1391 728 1465 774 ipsa
1493 728 1680 774 Matbildis,

504 792 802 834 donneseamente,
837 800 942 825 more
968 789 1206 825 dominantis:
1244 790 1320 824 vien
1356 800 1419 823 con
1453 790 1512 832 lui,
1546 789 1684 825 scilicet

505 860 591 885 cum
620 850 747 893 Dante,
777 860 887 895 quem
911 850 989 895 Jam
1017 848 1160 884 sociasti
1180 859 1245 895 per
1264 849 1414 895 longum
1437 848 1515 884 iter.
1536 849 1579 883 Et
1598 852 1683 885 nota

506 910 603 955 quod
640 909 816 945 Mathildis
853 910 938 945 lavit
974 913 1009 945 et
1046 909 1183 955 potavit
1219 912 1423 954 utrumque
1459 909 1494 943 in
1532 909 1684 945 flumine

505 971 632 1005 Eunoe
652 970 749 1014 quod
769 972 866 1015 patet
886 980 950 1015 per
969 969 1172 1015 sequentia,
1192 972 1227 1005 et
1246 973 1299 1005 est
1322 969 1453 1004 modus
1471 969 1685 1005 abreviandi

505 1030 678 1076 poeticus.
696 1050 744 1055 —
759 1032 793 1065 S'
809 1032 851 1064 ῖο.
871 1030 934 1065 Hic
954 1030 1083 1065 ultimo
1106 1033 1211 1075 poeta
1233 1029 1455 1065 concludens
1482 1029 1683 1075 capitulum

507 1094 542 1126 et
569 1090 743 1126 claudens
770 1091 879 1125 istum
909 1090 1111 1126 secundum
1145 1090 1279 1125 librum
1313 1093 1462 1125 excusat
1491 1101 1529 1125 se
1556 1090 1584 1125 si
1612 1101 1685 1126 non

506 1151 676 1186 describit
703 1151 932 1186 dulcedinem
966 1151 1074 1185 huius
1108 1154 1225 1196 potus,
1254 1150 1339 1195 quia
1374 1150 1464 1186 ordo
1497 1151 1577 1186 libri
1613 1162 1686 1186 non

507 1212 652 1258 patitur.
670 1212 771 1247 Unde
792 1212 1055 1257 apostrophans
1074 1211 1176 1246 dicit:
1202 1213 1231 1246 O
1250 1212 1361 1255 lellor,
1382 1213 1416 1245 io
1430 1222 1498 1256 pm·
1519 1213 1685 1255 canterei,

507 1271 609 1317 idest,
633 1272 774 1317 poetice
793 1271 1053 1316 describerem,
1073 1272 1106 1306 lo
1124 1272 1220 1306 dolce
1238 1272 1330 1313 bere,
1350 1271 1412 1316 qui
1434 1271 1591 1307 inebriat
1608 1271 1687 1307 ani-

509 1342 619 1376 mam,
648 1333 706 1366 che
733 1333 804 1366 71ῑαὶ
831 1342 901 1366 non
937 1332 1099 1366 m'avria
1131 1332 1243 1375 sazz'O,
1279 1331 1364 1376 quia
1398 1334 1536 1376 quanto
1569 1331 1686 1377 magis

508 1394 667 1436 potatur,
698 1394 797 1426 tanto
833 1391 948 1437 magis
978 1390 1143 1426 accendit
1170 1393 1375 1436 potatorem
1409 1391 1453 1426 ad
1488 1391 1685 1426 bibendum

508 1451 716 1496 salubriter,
740 1451 833 1487 sicut
852 1451 949 1496 potio
969 1451 1040 1486 vini
1061 1452 1141 1497 plus
1160 1451 1283 1488 incitat
1301 1451 1346 1487 ad
1369 1451 1566 1487 bibendum
1588 1462 1689 1487 mor-

509 1511 624 1547 tifere.
648 1512 717 1546 Per
745 1512 813 1546 hoc
841 1511 957 1546 innuit
985 1511 1082 1556 quod
1110 1514 1164 1547 est
1190 1521 1336 1546 summe
1361 1511 1574 1546 delectabile
1600 1521 1689 1557 ope-

512 1571 584 1606 rari
612 1571 775 1606 virtuose
802 1571 939 1606 homini
959 1571 1106 1606 habenti
1129 1571 1293 1606 habitum
1317 1571 1472 1616 virtutis,
1492 1571 1598 1606 cuius
1616 1571 1690 1606 dis-

511 1631 695 1676 positionis
711 1641 807 1665 nunc
824 1634 903 1665 erat
922 1630 996 1676 ipse
1016 1634 1133 1676 poeta,
1149 1632 1218 1665 s'z'o
1237 1632 1349 1665 (messi
1363 1629 1423 1674 pile
1443 1632 1548 1674 lungo
1566 1632 1689 1675 spazio

511 1691 547 1725 di
572 1691 736 1733 scrivere,
759 1690 860 1734 idest,
880 1690 1050 1725 dilatandi
1071 1690 1276 1735 materiam,
1297 1701 1354 1725 ma
1374 1692 1399 1724 il
1413 1693 1493 1736 fron
1515 1692 1689 1734 aelfw-te,

511 1750 611 1795 idest,
640 1750 729 1785 ordo
757 1753 1045 1795 praeconceptus,
1064 1761 1134 1785 non
1155 1752 1201 1784 me?
1219 1752 1328 1785 lascia
1342 1748 1404 1795 ρὶὰ
1426 1753 1489 1795 ire,
1512 1750 1612 1795 idest,
1633 1751 1690 1786 ul-

512 1810 625 1846 terius
653 1810 810 1855 extendi,
839 1810 923 1855 quia
952 1810 1008 1845 hic
1037 1810 1127 1846 liber
1154 1810 1348 1846 excederet
1375 1811 1483 1856 alios;
1508 1811 1604 1847 unde
1635 1810 1690 1846 di-

512 1870 577 1905 cit:
605 1868 730 1914 perche*
751 1871 850 1916 piene
876 1881 940 1904 son
968 1873 1046 1905 {ulte
1072 1871 1101 1904 le
1123 1874 1231 1914 carce,
1249 1870 1395 1916 scilicet,
1416 1871 1607 1916 scriptura,
1627 1881 1690 1906 or-

513 1931 592 1974 dite,
620 1940 684 1976 per
712 1930 856 1965 XXXIII
884 1931 1053 1976 capitula,
1073 1941 1096 1965 α
1115 1934 1233 1975 questa
1251 1933 1386 1966 σαηίίεα
1405 1933 1568 1976 seconcia,
1588 1931 1690 1977 idest,

513 1989 558 2025 ad
585 1990 788 2025 secundum
818 1990 964 2035 librum,
992 1990 1137 2035 seilicet,
1158 1991 1432 2037 purgatorium,
1456 1991 1491 2025 in
1511 2002 1585 2036 quo
1604 1991 1691 2026 satis

514 2050 606 2086 bene
633 2050 776 2085 cantavi
804 2050 1011 2086 cantionem
1040 2061 1231 2096 nunquam
1260 2051 1306 2087 ab
1334 2051 1406 2086 alio
1437 2051 1691 2096 decantatam3

514 2109 594 2145 ideo
627 2110 793 2144 animum
830 2121 997 2157 praeparo
1031 2110 1076 2146 ad
1114 2121 1250 2146 novum
1282 2111 1499 2146 altissimum
1528 2115 1692 2157 cantum,

515 2169 626 2204 Statio
655 2170 823 2206 evolante
850 2171 885 2205 in
913 2172 1048 2206 coelum
1075 2181 1304 2217 empyreum.
1329 2172 1429 2207 Unde
1448 2171 1551 2207 dicit:
1580 2173 1619 2206 10
1640 2173 1693 2207 ri-

516 2230 634 2264 tormn'
659 2230 755 2264 dalla
781 2233 981 2266 „cautissima
1007 2233 1116 2275 omia,
1137 2242 1219 2277 quae
1239 2232 1323 2267 facit
1350 2232 1515 2268 homines
1542 2232 1693 2268 sanctis-

517 2290 643 2334 simos;
671 2292 707 2324 et
734 2290 817 2325 facit
843 2291 1156 2337 comparationem
1180 2292 1360 2338 pulcram,
1385 2292 1529 2327 dicens:
1557 2293 1690 2337 rifano,
