1766 2856
522 264 592 296 356
919 266 1122 292 COMENTUM
1149 266 1313 291 PARADISI

522 341 688 376 nionem:
717 343 752 375 et
780 338 924 374 videtur
952 338 1089 374 habere
1116 338 1219 374 istam
1249 337 1468 384 opinionem,
1489 339 1586 384 quod
1614 338 1700 374 luna

522 401 653 436 habeat
680 400 716 434 in
743 409 781 434 se
809 409 854 434 ex
878 398 933 433 sui
951 395 985 442 (¹)
1009 401 1140 434 natura
1162 409 1183 434 a
1203 399 1320 445 primo
1339 398 1467 434 datore
1493 402 1528 434 et
1556 402 1702 434 motore

520 461 625 496 istam
656 459 840 495 maculam
868 459 1085 503 nubilosam,
1107 459 1192 504 quia
1220 462 1273 495 est
1301 459 1417 494 vicina
1438 462 1557 504 terrae,
1578 463 1613 495 et
1636 459 1703 495 ha-

520 521 581 556 bet
609 520 770 555 maxime
799 529 950 555 movere
978 519 1043 554 ista
1071 519 1243 555 inferiora
1277 523 1312 555 et
1345 519 1504 555 alterare
1531 519 1576 554 de
1602 519 1701 555 claro

520 581 557 616 in
584 581 786 616 obscurum
815 584 850 615 et
877 590 898 615 e
925 590 1113 615 converso.
1134 580 1176 614 Et
1199 579 1344 615 videtur
1362 579 1484 615 dicere
1504 578 1701 615 sententia-

521 642 602 678 liter
629 641 665 676 in
692 641 801 687 longo
828 640 1008 685 discursu,
1028 640 1125 685 quod
1149 639 1308 685 primum
1337 641 1473 675 coelum
1499 643 1552 676 est
1570 639 1605 674 in
1625 649 1702 675 coe-

521 701 671 738 lestibus
699 701 790 736 sicut
817 711 880 736 cor
900 700 934 735 in
958 699 1144 745 membris,
1165 703 1199 735 et
1220 700 1335 735 virtus
1356 700 1485 746 primae
1506 710 1627 736 causae
1646 703 1701 735 est

521 761 557 797 in
584 761 794 797 coelestibus
821 760 914 796 sicut
942 760 1057 795 virtus
1085 760 1202 796 cordis
1229 760 1262 795 in
1291 760 1523 806 corporibus:
1546 763 1581 796 et
1608 760 1701 795 sicut

522 821 692 867 quselibet
710 821 875 856 membra
892 820 1025 856 liabent
1040 820 1206 866 proprias
1221 820 1375 856 virtutes
1390 820 1425 855 in
1440 820 1566 855 sitibus
1584 830 1701 855 mem—

522 882 677 917 brorum
706 881 771 916 sibi
798 880 1070 925 determinatas,
1099 880 1145 916 ita
1174 880 1360 926 quodlibet
1386 881 1521 916 coelum
1545 883 1580 916 et
1599 889 1702 926 quae-

521 942 607 977 libet
636 941 735 977 stella
765 941 801 976 in
833 941 959 976 sitibus
993 941 1067 976 suis
1102 941 1236 977 habent
1268 941 1433 987 proprias
1467 941 1639 986 virtutes;
1667 943 1703 976 et

521 1002 615 1037 sicut
643 1004 717 1037 tota
746 1001 942 1037 multitudo
970 1001 1130 1037 refertur
1161 1001 1206 1036 ad
1241 1012 1355 1036 unum
1389 1001 1548 1047 primum
1585 1010 1703 1036 mem-

522 1062 634 1098 brum
662 1061 905 1108 compositum
935 1071 980 1097 ex
1009 1065 1152 1097 motore
1171 1064 1207 1097 et
1226 1061 1349 1096 mobili
1374 1061 1445 1096 *in
1471 1061 1702 1106 animalibus,

523 1121 621 1168 quod
649 1124 702 1157 est
729 1131 804 1165 cor,
834 1121 881 1156 ita
909 1120 944 1156 in
971 1121 1180 1156 coelestibus
1213 1125 1287 1157 tota
1323 1121 1516 1157 multitudo
1545 1121 1703 1157 refertur

522 1183 567 1218 ad
596 1192 713 1217 unum
741 1181 838 1227 quod
866 1184 919 1216 est
946 1181 1082 1216 coelum
1109 1181 1270 1227 primum
1290 1181 1532 1227 compositum
1556 1192 1601 1217 ex
1622 1191 1702 1217 mo-

525 1246 605 1278 tore
634 1245 670 1278 et
698 1236 916 1285 mobili*(2).
946 1241 1050 1276 Nunc
1076 1241 1121 1276 ad
1149 1241 1292 1277 literam
1324 1241 1407 1277 dicit
1438 1241 1585 1277 Beatrix
1614 1241 1702 1277 inci—

523 1303 627 1350 piens
654 1313 674 1338 a
702 1302 821 1348 primo
848 1302 959 1337 coelo:
985 1304 1035 1336 [Vn
1063 1312 1183 1346 corpo,
1211 1302 1355 1347 scilicet,
1376 1302 1537 1348 primum
1566 1302 1700 1337 mobile

523 1364 600 1399 sive
627 1374 733 1410 spera
761 1373 869 1407 nona,
896 1363 987 1397 nella
1014 1363 1068 1397 cui
1091 1363 1212 1397 ve'rlzcte
1238 1363 1259 1396 l'
1274 1372 1381 1406 esser,
1408 1362 1509 1407 idest,
1533 1361 1617 1407 vita,
1645 1371 1703 1397 es—

524 1424 649 1469 sentia,
678 1425 714 1459 cle?
740 1427 822 1459 lullo
848 1433 911 1458 suo
933 1426 1104 1466 contento,
1124 1423 1226 1467 idest,
1246 1423 1411 1458 omnium
1436 1433 1628 1468 sperarum
1647 1422 1703 1457 in—

524 1485 700 1520 feriorum
730 1494 813 1529 quae
840 1484 907 1519 sub
935 1494 979 1519 eo
998 1483 1243 1528 continentur,
1271 1485 1382 1527 yeme,
1406 1482 1506 1527 idest,
1529 1482 1702 1528 consistit,

522 1547 553 1580 si
578 1547 672 1590 ydra,
701 1545 802 1588 idest,
832 1544 1001 1588 volvitur,
1039 1545 1162 1578 dentre
1189 1545 1251 1578 dal
1270 1545 1334 1578 cessel
1350 1545 1441 1578 della
1464 1545 1583 1578 divina
1599 1553 1703 1588 pace,

526 1606 628 1650 idest,
649 1605 743 1639 intra
763 1604 898 1639 coelum
923 1612 1140 1649 empyreum
1162 1603 1328 1648 quietum
1349 1603 1446 1648 quod
1466 1613 1594 1639 omnes
1612 1602 1703 1638 alios

525 1664 811 1711 comprehendit.
833 1664 874 1698 Et
894 1674 964 1698 non
986 1664 1062 1698 vult
1081 1663 1178 1698 aliud
1197 1663 1329 1707 dicere,
1351 1663 1416 1698 uisi
1437 1663 1533 1708 quod
1553 1663 1588 1698 in
1610 1663 1704 1699 coelo

526 1735 622 1760 nono
650 1723 854 1759 virtualiter
882 1726 935 1759 est
962 1733 1072 1758 causa
1100 1722 1266 1758 omnium
1296 1722 1495 1758 ell'ectuum
1530 1723 1592 1768 qui
1620 1727 1705 1758 sunt

526 1785 617 1820 infra
646 1784 778 1830 ipsum,
797 1787 833 1819 et
855 1783 900 1818 ab
927 1783 1003 1829 ipso
1031 1782 1193 1829 procedit
1211 1792 1291 1818 esse
1309 1782 1475 1817 omnium
1502 1783 1703 1828 stellarum,

526 1855 610 1891 quae
629 1844 832 1880 secundum
852 1847 1023 1879 naturam
1044 1854 1149 1878 suam
1171 1843 1384 1889 recipientes
1403 1842 1562 1889 desuper
1580 1847 1705 1879 osten-

526 1906 617 1941 dunt
644 1915 682 1940 se
710 1905 790 1950 plus
818 1908 853 1939 et
881 1904 1002 1938 minus
1029 1903 1176 1939 lucidas.
1193 1923 1241 1928 —
1258 1906 1304 1937 Lo
1330 1904 1401 1938 ciel.
1438 1903 1501 1938 Hic
1533 1903 1704 1939 describit

527 1969 695 2002 octavam
724 1975 880 2011 speram,
904 1975 987 2010 quae
1007 1964 1180 1999 virtutem
1209 1966 1391 2009 receptam
1419 1974 1439 1999 a
1468 1974 1563 1999 nona
1585 1963 1705 1999 distri-

527 2026 605 2062 buit
632 2026 667 2061 in
694 2035 779 2060 suas
798 2025 917 2060 stellas
937 2028 973 2060 et
991 2034 1116 2070 speras
1136 2024 1342 2069 inferiores3
1367 2024 1462 2059 unde
1482 2027 1566 2059 nota
1586 2023 1704 2069 primo

529 2086 626 2132 quod
655 2086 816 2131 primum
840 2084 974 2120 mobile
1002 2084 1037 2119 in
1061 2094 1172 2129 opere
1195 2087 1336 2119 naturae
1356 2087 1410 2119 est
1430 2087 1617 2129 tamquam
1638 2084 1704 2119 do-

529 2148 651 2182 minus
665 2146 803 2181 habens
819 2148 931 2181 totam
951 2144 1186 2182 autoritatem
1202 2147 1238 2179 et
1264 2143 1523 2190 amplissimam
1547 2130 1705 2190 potesta-

614 2298 619 2324 ]
638 2296 663 2318 S.
682 2302 725 2318 sua
744 2298 844 2318 natura.

604 2295 609 2307 ι

593 2299 621 2362 ξ’)
639 2334 673 2357 Le
692 2333 779 2363 parole
798 2333 836 2356 fra
854 2333 861 2356 i
879 2333 928 2356 due
945 2333 1077 2357 asterischi
1095 2340 1139 2357 son
1157 2333 1268 2363 supplite
1285 2333 1352 2363 dagli
1370 2332 1428 2357 altri
1446 2335 1484 2356 tre
1501 2331 1595 2356 Codici.
