1766 2856
518 248 587 279 270
879 250 1083 276 COMENTUM
1109 250 1328 276 PURGATORn

517 326 671 371 quentis,
699 335 772 360 non
806 327 929 359 tamen
965 323 1013 358 ita
1045 323 1143 368 quod
1175 322 1267 358 irem
1296 332 1360 368 par
1393 332 1517 358 secum
1545 325 1694 369 propter

516 386 666 421 nimiam
688 384 953 421 reverentiam:
971 385 1079 429 frate,
1100 386 1206 419 vocat
1225 393 1311 418 eum
1332 382 1483 418 fratrem
1503 386 1543 418 ut
1570 387 1695 419 osten-

515 446 576 481 dat
603 445 816 481 familiarius
843 454 956 491 agere
983 454 1122 489 secum,
1145 440 1273 488 perclee'
1298 454 1368 477 non
1396 444 1418 477 t'
1432 445 1562 488 attenti,
1580 443 1694 490 depo-

516 506 583 541 sito
603 506 735 541 timore
753 508 789 541 et
807 504 959 551 pudore,
982 515 1004 539 a
1026 505 1267 539 donandam&
1284 505 1379 538 omcn'
1401 504 1553 538 vertendo
1572 508 1691 539 meco?

517 565 598 601 Scio
626 566 723 601 enirn
751 565 850 611 quod
876 564 981 600 valde
1003 565 1105 610 cupis
1131 568 1255 610 petere
1274 564 1301 599 si
1325 568 1424 600 tanta
1444 563 1581 599 offensa
1601 565 1694 601 facta

518 625 594 661 Deo
621 625 657 660 in
685 625 820 661 vicario
847 635 914 660 suo
942 624 1139 670 praeteribit
1158 624 1218 659 diu
1240 624 1610 670 impunita—Come.
1630 625 1694 661 Hic

518 689 624 732 poeta
653 685 807 721 ostendit
834 685 991 730 qualiter
1019 695 1216 730 persuasus
1238 694 1259 719 a
1278 684 1444 720 Beatrice
1470 684 1697 721 commiserit

518 756 557 781 se
585 749 702 780 totum
730 745 881 780 arbitrio
909 745 998 789 eius,
1026 744 1145 780 adhuc
1180 744 1298 790 primo
1330 744 1462 780 timore
1489 747 1526 780 et
1558 745 1696 781 rubore

518 805 686 850 durante,
715 815 780 851 per
807 815 919 839 unam
948 804 1260 850 comparationem
1293 804 1530 840 domesticam
1559 808 1595 844 et
1621 805 1696 840 cla—

519 876 611 909 ram,
635 865 775 900 dicens:
795 868 970 908 Accenne,
993 864 1095 909 idest,
1118 864 1278 910 contigit,
1297 875 1320 899 α
1339 875 1392 898 me
1409 875 1504 899 come
1521 875 1544 898 α
1563 866 1696 908 coloro,

518 926 655 971 supple,
684 925 868 971 contingit,
897 926 955 960 che
980 935 1068 959 sono
1087 929 1211 969 troppo
1230 926 1402 959 reverenti
1418 926 1563 959 dinanzi
1581 926 1618 960 al
1633 935 1696 959 suo

517 987 694 1029 mayyt'or,
714 985 806 1020 sicut
825 985 1022 1031 discipulus
1049 995 1174 1020 coram
1204 985 1391 1031 magistro,
1415 986 1609 1029 pon-lando,
1635 985 1695 1019 che

518 1056 586 1080 non
616 1051 769 1089 θ’(ιῃῃοη
796 1047 831 1080 [α
858 1056 939 1080 voce
966 1047 1046 1080 viva
1073 1047 1109 1079 αι’
1128 1046 1232 1089 denti,
1261 1048 1297 1080 et
1315 1055 1402 1080 ecce
1420 1044 1617 1090 quomodo,
1636 1045 1695 1080 che

520 1107 751 1149 incomincidi,
788 1106 925 1151 supple,
954 1105 1175 1151 respondere
1208 1108 1244 1140 et
1279 1105 1412 1150 dicere,
1446 1115 1554 1139 senza
1585 1107 1696 1139 inlero

520 1176 643 1209 suono,
667 1165 768 1211 idest,
791 1176 875 1201 cum
905 1165 1062 1201 tremula
1090 1175 1199 1200 voce:
1225 1167 1421 1209 Madomea,
1442 1166 1498 1200 voi
1523 1169 1698 1199 conoscele

521 1228 591 1261 mia
610 1227 769 1270 bisoyna,
789 1225 888 1271 idest,
909 1226 995 1271 quid
1015 1230 1068 1262 est
1093 1226 1341 1261 necessarium
1363 1225 1460 1269 mihi,
1480 1236 1497 1259 e
1514 1222 1566 1260 οἱὸ
1585 1226 1635 1259 cll’
1647 1226 1695 1260 ad

520 1296 598 1320 essa
625 1284 643 1321 e*
668 1287 795 1330 buono,
823 1286 923 1330 idest,
944 1289 979 1321 et
1006 1285 1091 1331 quid
1114 1288 1168 1321 est
1188 1285 1275 1320 utile
1297 1285 1500 1320 necessitati
1529 1295 1632 1321 meae.
1652 1285 1696 1320 Et

520 1345 576 1381 hic
593 1349 677 1381 nota
692 1346 787 1381 bene
801 1346 898 1391 quod
913 1349 1018 1391 poeta
1034 1345 1197 1391 loquitur
1208 1345 1313 1381 vaide
1327 1345 1508 1391 sapienter
1521 1348 1556 1380 et
1570 1348 1695 1380 caute:

520 1405 597 1440 vult
621 1406 718 1441 enim
741 1406 862 1441 dicere
880 1405 1007 1441 tacite:
1027 1416 1049 1441 o
1069 1405 1163 1441 bona
1182 1406 1341 1450 domina,
1357 1415 1426 1452 ego
1441 1415 1584 1451 possem
1605 1405 1697 1441 forte

520 1469 646 1511 petere
673 1465 719 1501 de
745 1465 879 1500 suturis
906 1475 989 1510 quae
1017 1476 1088 1501 non
1116 1465 1242 1501 liceret
1269 1465 1356 1500 mihi
1390 1465 1494 1511 scire,
1522 1465 1571 1501 ita
1598 1466 1697 1511 quod

518 1526 642 1572 petitio
669 1536 752 1561 mea
780 1536 852 1561 non
880 1529 972 1561 esset
1000 1526 1171 1571 honesta,
1194 1526 1274 1561 ideo
1294 1536 1358 1561 vos
1377 1537 1459 1571 quac
1479 1526 1695 1572 cognoscitis

519 1586 605 1631 quid
632 1586 677 1620 sit
704 1585 790 1620 mihi
818 1586 956 1620 bonum
980 1586 1073 1621 scire
1100 1586 1177 1621 sine
1205 1586 1377 1631 petitione
1405 1596 1485 1621 mea
1515 1586 1697 1632 praedicite

520 1646 617 1680 mihi.
638 1646 681 1680 Et
703 1645 824 1680 subdit
852 1645 1123 1691 responsionem
1144 1646 1327 1691 Beatricis,
1348 1657 1431 1690 quae
1453 1646 1606 1681 ulterius
1625 1656 1697 1681 non

520 1705 654 1751 patitur
682 1708 820 1740 tantam
850 1705 1077 1741 timiditatem
1096 1702 1130 1749 (ix
1161 1706 1249 1750 eius,
1278 1706 1417 1741 dicens:
1441 1707 1555 1740 etella
1581 1716 1604 1740 a
1631 1716 1696 1750 me,

519 1765 657 1810 supple,
679 1764 784 1799 dixit:
804 1767 918 1808 voglio
940 1766 999 1799 che
1026 1769 1059 1800 tu.
1086 1767 1180 1800 omai
1206 1767 1231 1800 te·
1255 1767 1457 1810 disviluppe,
1478 1765 1564 1810 quia
1591 1765 1697 1800 nimis

519 1825 580 1860 diu
600 1825 785 1859 involutus
804 1835 854 1870 es,
874 1825 966 1859 sicut
993 1825 1122 1860 totiens
1150 1825 1317 1871 apparuit
1345 1836 1468 1871 supra,
1494 1827 1542 1861 da
1569 1829 1657 1861 lema
1678 1837 1696 1861 e

519 1886 566 1920 cla
591 1895 782 1929 reryoyna,
805 1884 890 1929 quia
919 1895 1040 1920 meam
1067 1885 1223 1931 gratiam
1253 1885 1420 1921 meruisti
1448 1889 1484 1921 et
1511 1885 1697 1921 familiari-

519 1948 629 1980 tatem
659 1945 835 1980 Mathildis
854 1945 961 1980 sociae
982 1956 1074 1981 meae
1098 1950 1133 1981 et
1159 1946 1375 1981 ancillarum
1405 1956 1587 1991 mearum,
1611 1956 1694 1992 quae

517 2005 669 2051 singula*
697 2008 733 2041 te
762 2009 981 2050 receperunt
1009 2005 1044 2040 in
1063 2006 1255 2052 amplexus
1273 2016 1370 2051 suos,
1389 2002 1418 2040 εὶ
1436 2007 1494 2040 che
1512 2016 1581 2040 non
1598 2007 1697 2050 parli

515 2063 575 2109 pie}
603 2067 688 2099 com'
705 2076 783 2100 nom
811 2067 869 2100 che
889 2077 1016 2109 soyna,
1036 2066 1139 2111 quasi
1158 2066 1271 2101 dicat:
1293 2076 1363 2101 non
1383 2066 1451 2101 sub
1471 2065 1602 2112 figura,
1622 2077 1694 2101 non

517 2125 584 2159 sub
614 2125 772 2171 imagine
799 2126 893 2162 sicut
930 2127 1124 2172 hucusque
1156 2126 1279 2171 fecisti,
1312 2126 1426 2161 immo
1460 2127 1622 2172 loquaris
1649 2127 1694 2163 de

518 2184 629 2219 rebus
657 2185 762 2220 veris.
792 2185 893 2221 Unde
921 2186 1125 2231 vide‘quod
1154 2197 1357 2231 numquam
1394 2186 1550 2232 amplius
1587 2192 1691 2233 poeta

582 2316 607 2345 (¹)
626 2316 654 2339 E.
674 2319 769 2339 tantam
789 2317 942 2340 tarditatem.
