1766 2856
512 234 580 265 220
874 239 1077 264 COMENTUM
1104 239 1325 265 PURGATORII

510 312 569 355 ἰαί,
597 311 696 357 idest,
717 311 833 358 magis
861 321 972 356 quam
992 321 1067 356 vos,
1087 312 1145 346 che
1167 312 1203 346 cli
1220 306 1254 346 ld
1270 313 1412 356 piaque,
1432 312 1527 348 ultra
1543 312 1682 358 rivum,

510 375 544 407 et
572 382 657 407 ecce
684 382 846 416 causam,
868 369 996 416 perche*
1012 373 1111 416 colpcz
1138 384 1155 406 e
1183 373 1286 406 cluolo
1312 373 1366 406 sia
1392 373 1510 407 cl'zma
1537 374 1685 417 misum,

510 431 610 476 idest,
643 435 683 466 ut
718 432 821 467 dolor
853 435 1022 477 aequetur
1053 432 1180 477 culpae,
1209 431 1294 477 qnia
1331 435 1431 467 tanta
1465 432 1573 468 debet
1605 443 1685 468 esse

509 500 627 536 poena,
656 495 793 536 quanta
819 491 885 526 fuit
912 492 1028 537 culpa.
1045 493 1195 526 —Nom
1225 491 1288 526 Hic
1315 491 1472 536 Beatrix,
1492 495 1533 526 ut
1556 492 1684 527 durius

509 554 642 596 arguat
668 555 825 596 poetam,
853 551 972 597 primo
1005 551 1088 586 facit
1122 561 1294 597 magnam
1327 551 1681 587 commendationem

510 610 555 646 de
573 621 617 646 eo
639 611 832 647 ostendens
850 611 983 647 bonam
1004 611 1242 657 aptitudinem
1263 612 1342 647 eius
1361 615 1395 647 et
1415 612 1682 657 dispositionem

510 681 582 706 non
609 672 727 706 solum
754 683 775 707 a
802 672 907 717 coelo,
936 672 997 707 sed
1025 672 1134 707 etiam
1154 682 1175 706 a
1194 672 1279 707 Deo.
1299 671 1432 707 Ordina
1452 673 1501 707 sic
1521 672 1683 708 literam:

510 730 593 766 dicit
620 731 765 768 Beatrix
795 731 1015 777 respondens
1043 731 1180 777 angelis
1207 731 1242 766 in
1270 732 1521 767 confusionem
1546 736 1683 778 poetae:

515 793 640 834 Questzss,
659 791 803 836 scilicet,
823 792 967 836 Dantes,
984 793 1024 836 fu
1049 793 1098 825 tal
1123 792 1214 826 nella
1239 802 1304 826 sua
1332 793 1401 826 ‘cita
1428 802 1557 836 nuova,
1580 792 1682 837 idest,

510 850 545 885 in
572 851 749 896 pueritia:
782 851 893 896 aliqui
934 855 1057 887 tamen
1097 851 1221 886 dicunt
1261 851 1297 886 in
1335 862 1403 887 suo
1443 855 1600 887 tractatu
1640 852 1684 887 de

510 910 581 945 vita
609 920 713 956 nova,
742 921 853 955 quem
882 911 963 946 fecit
995 911 1030 945 in
1052 911 1265 956 juventute,
1294 911 1356 947 sed
1383 915 1483 947 certe
1510 911 1604 946 istud
1631 914 1684 947 est

511 969 705 1005 ridiculum
745 970 882 1015 dicere,
923 971 1009 1016 quia
1054 974 1162 1006 autor
1206 971 1445 1007 erubescebat
1481 971 1525 1007 de
1564 982 1608 1007 eo
1648 972 1684 1006 in

509 1033 654 1065 matura
681 1033 799 1076 aetate,
829 1032 1079 1074 m'rlztalmente,
1107 1031 1208 1075 idest,
1236 1031 1519 1077 aptitudinaliter
1550 1035 1585 1068 et
1620 1043 1685 1078 po-

509 1091 715 1136 tentialiter,
743 1092 792 1125 cle'
807 1093 890 1135 oym‘
915 1091 1006 1125 abito
1025 1093 1154 1134 destro,
1174 1091 1275 1136 idest,
1295 1091 1443 1127 scientia
1463 1093 1520 1127 vel
1548 1092 1682 1137 virtus;

510 1161 595 1186 nani
615 1151 763 1186 scientia
779 1154 833 1186 est
848 1151 990 1186 habitus
1006 1151 1246 1186 conclusionis
1262 1151 1531 1197 demonstratae,
1544 1155 1584 1186 ut
1599 1152 1683 1188 dicit

508 1211 741 1257 philosophus
772 1211 890 1256 primo
929 1211 1195 1257 posterioru¹113
1232 1215 1267 1246 et
1301 1211 1417 1246 virtus
1450 1215 1503 1247 est
1538 1212 1683 1248 habitus

509 1271 694 1316 electivus,
722 1275 762 1305 ut
788 1271 871 1306 dicit
898 1271 1016 1317 primo
1041 1271 1257 1315 ethicorum,
1289 1271 1435 1306 ‹zm-ebbe
1458 1273 1547 1316 sallo
1574 1274 1609 1306 ιή
1636 1274 1684 1308 [αι’

509 1332 650 1366 mirabel
663 1342 791 1376 proca,
813 1331 897 1376 quia
917 1331 1101 1367 habuisset
1120 1331 1257 1366 bonum
1277 1331 1461 1377 effectum,
1482 1332 1509 1367 si
1528 1332 1683 1368 dedisset

507 1402 546 1427 se
578 1391 644 1436 illi,
677 1402 744 1426 non
774 1402 846 1436 pm·
874 1402 939 1436 per
969 1402 1058 1426 ocra
1090 1393 1174 1426 delle
1204 1395 1302 1426 ruole
1336 1402 1473 1436 mayne,
1508 1392 1608 1437 idest,
1637 1402 1683 1428 ex

507 1451 778 1487 constellatione
805 1455 840 1487 et
860 1451 1045 1487 influentia
1064 1452 1257 1496 coelorum,
1277 1451 1339 1496 qui
1358 1455 1443 1486 sunt
1464 1462 1580 1498 sperae
1602 1462 1683 1487 ma-

507 1511 626 1556 ximae,
645 1512 704 1546 clze
721 1512 873 1545 ‹lrt'zzan
892 1513 1029 1546 cz'ctsczm
1049 1522 1139 1546 seme
1157 1512 1205 1545 acl
1226 1513 1326 1545 alcun
1344 1512 1426 1556 fine,
1449 1511 1550 1557 idest,
1573 1522 1683 1547 omne

507 1571 604 1615 quod
631 1570 844 1615 producitur
870 1571 915 1605 ad
947 1571 1084 1605 bonum
1121 1570 1241 1615 tinem,
1270 1571 1363 1606 sicut
1397 1571 1529 1606 dicitur
1562 1571 1681 1617 primo

506 1629 676 1674 Paradisi,
698 1631 848 1664 secondo
869 1631 928 1665 elce
947 1632 975 1665 le
992 1632 1084 1665 stelle
1101 1641 1164 1664 son
1183 1641 1386 1674 compafflze,
1407 1631 1508 1675 idest,
1529 1631 1683 1666 coniun-

506 1692 584 1734 ctae,
601 1689 669 1724 hoc
688 1693 752 1734 est,
769 1689 971 1725 secundum
988 1690 1281 1725 coniunctionem
1302 1690 1546 1735 planetarum,
1562 1694 1597 1726 et
1619 1690 1682 1725 tri—

506 1748 701 1794 plicitatem
730 1760 872 1794 eorum,
901 1750 987 1795 quia
1014 1750 1122 1785 aliam
1157 1750 1407 1795 operationem
1441 1750 1523 1785 facit
1553 1751 1680 1786 Satur-

506 1820 576 1844 nus
603 1809 819 1845 coniunctus
846 1820 931 1845 cum
959 1810 1059 1855 Jove,
1086 1810 1195 1845 aliam
1228 1820 1313 1845 cum
1348 1811 1470 1855 Marte,
1499 1814 1535 1846 et
1562 1810 1611 1846 ita
1637 1811 1682 1847 de

506 1870 603 1915 aliis,
631 1873 666 1905 et
693 1870 802 1905 etiam
831 1870 925 1905 idem
953 1871 1097 1916 planeta
1125 1870 1207 1905 facit
1234 1870 1342 1905 aliam
1362 1870 1624 1916 operationem,
1645 1871 1681 1906 in

507 1941 574 1966 suo
601 1930 793 1975 domicilio,
822 1930 930 1966 aliam
959 1931 993 1965 in
1021 1931 1124 1977 signo
1150 1941 1222 1966 non
1240 1941 1318 1966 suo.
1339 1931 1381 1966 Et
1400 1931 1497 1976 quod
1517 1931 1597 1977 plus
1615 1934 1680 1976 est,

506 2001 564 2025 ma
587 2002 653 2035 per
679 1992 872 2035 larqleezza
898 1992 935 2025 de?
959 1993 1084 2035 yrazie
1109 1993 1234 2036 (le'vim’,
1256 1993 1314 2027 che
1340 1993 1457 2026 hanno
1483 1987 1512 2026 sl
1539 1993 1600 2026 am
1619 2001 1681 2026 va-

503 2052 596 2095 pori,
626 2050 728 2096 idest,
756 2051 966 2097 profundos,
994 2062 1017 2086 a
1053 2053 1108 2086 lor
1136 2053 1255 2096 piom,
1286 2051 1385 2096 idest,
1419 2051 1593 2096 pluviam,
1620 2053 1681 2087 che

505 2113 622 2144 nostre
644 2111 737 2155 ve'sle,
760 2111 860 2155 idest,
884 2111 1148 2157 speculationes
1167 2110 1440 2155 intellectuales,
1466 2107 1500 2145 Iti
1519 2121 1588 2146 non
1609 2122 1679 2147 van

506 2170 625 2214 vicmo,
657 2169 756 2214 idest,
783 2181 854 2205 non
880 2171 1063 2218 attingunt
1089 2171 1135 2206 ad
1161 2170 1442 2216 profunditatem
1470 2170 1677 2207 divinarum

505 2229 720 2276 gratiarum.
741 2230 782 2264 Et
810 2231 991 2266 concludit
1013 2242 1058 2267 ex
1078 2232 1147 2267 hoc
1166 2231 1262 2276 quod
1285 2231 1402 2278 gratia
1424 2231 1530 2267 cessit
1548 2231 1612 2266 sibi
1631 2231 1676 2268 ad

505 2288 682 2325 damnum
710 2290 796 2335 quia
822 2290 960 2326 abusus
979 2295 1043 2336 est,
1063 2302 1127 2336 pcr
1146 2301 1258 2326 unam
1278 2291 1589 2337 comparationem
1610 2302 1676 2327 no-
