1737 2836
506 269 641 295 cANTrs
669 269 810 295 PRIML‘S.
1176 262 1243 293 301

71 342 146 377 sius
163 341 254 376 libro
270 341 474 376 Fastorum.
492 341 582 377 Dicit
602 352 692 388 ergo
712 342 873 377 breviter
888 341 986 387 quod
1001 342 1161 387 Marsyas
1182 340 1248 375 fuit

71 401 228 437 rusticus
255 401 415 436 silvanus
442 401 487 437 de
513 411 651 447 genere
678 405 900 448 satyrorum,
927 401 989 447 qui
1017 400 1248 447 praesumpsit

70 464 212 497 temere
239 472 443 507 provocare
469 461 670 506 Apollinem
699 461 744 496 ad
771 465 960 497 certamen
989 462 1023 496 in
1051 465 1131 497 arte
1163 471 1248 496 mu-

69 521 153 567 sica,
174 522 299 557 volens
319 532 494 568 superare
514 521 614 556 illuni
633 519 667 565 (W
690 521 892 567 pulsantem
916 522 1033 567 lyram
1054 532 1138 557 cum
1161 521 1247 557 tibia

69 592 135 617 sua
152 592 234 627 quae
254 582 375 617 fuerat
393 582 562 626 Palladis,
583 581 645 617 sed
665 581 781 617 victus
799 581 845 616 ab
865 581 1028 627 Apolline
1047 581 1112 616 fuit
1136 592 1248 617 exco-

69 642 183 677 riatus
204 643 250 677 ab
278 653 333 687 eo,
350 642 397 677 ita
420 642 517 688 quod
536 641 698 678 detracta
718 641 811 687 pelle
830 641 991 687 Marsyas
1007 637 1043 685 (²)
1067 642 1246 677 remansit

69 705 167 738 totus
194 703 429 749 sanguineus,
450 702 535 747 quia
555 702 693 738 rubeus
721 706 757 738 et
784 701 924 747 pudore
943 702 1117 737 confusus
1136 705 1172 737 et
1192 705 1248 736 to-

71 765 128 797 tus
164 765 342 807 tremens3
372 766 405 797 et
440 762 587 808 sanguis
614 763 693 798 eius
721 762 858 798 calidus
892 772 1092 797 conversus
1124 765 1178 797 est
1212 761 1247 796 in

70 832 206 868 aquarn
234 822 419 868 frigidam:
449 832 535 857 nam
563 832 764 857 conversus
783 821 818 856 in
836 832 973 867 aquam
993 821 1075 857 fecit
1094 821 1245 857 fluvium

70 882 308 928 purissimum
337 882 501 929 phrygia}
528 882 697 928 regionis.
726 882 761 917 Si
788 882 841 917 vis
873 886 973 917 recte
999 882 1124 917 videre
1157 882 1248 917 alle—

69 942 213 988 goriam
243 942 344 977 istius
363 938 395 986 5³)
426 942 565 977 fabellae
590 952 743 978 recurre
760 941 805 977 ad
825 952 867 977 ea
896 952 979 987 quae
1006 941 1138 987 scripta
1163 944 1248 976 sunt

69 1001 114 1037 de
142 1002 321 1047 Arachne,
355 1002 595 1048 >³⁷·Purgat0rii
623 1002 780 1048 capitulo
814 1002 896 1047 xl13
926 1002 1121 1047 utrobique
1149 1002 1246 1037 enim

70 1062 254 1109 figuratur
283 1062 378 1097 idem
407 1062 582 1097 effectus:
611 1062 819 1097 sicutenim
838 1055 1089 1106 Arachneffi'fl
1115 1061 1249 1097 semina

72 1131 137 1168 per
173 1122 371 1167 superbam
411 1121 565 1168 gloriam
600 1121 791 1157 attentavit
826 1132 1028 1168 provocare
1063 1121 1248 1157 Palladem

71 1181 176 1217 deam
205 1181 389 1228 sapientiae
417 1182 451 1216 in
479 1192 591 1227 opere
619 1181 787 1226 textrino,
815 1182 877 1217 sed
905 1181 998 1217 victa
1031 1185 1067 1217 et
1098 1182 1248 1216 confusa

71 1251 249 1277 conversa
281 1244 334 1276 est
366 1241 401 1276 in
433 1251 587 1277 vermen
614 1241 805 1277 facientem
835 1242 944 1277 telam
972 1241 1038 1276 etsi
1065 1241 1247 1286 subtilem,

70 1305 193 1337 tamen
227 1301 404 1348 fragilem,
434 1301 610 1337 caducam
644 1305 680 1337 et
711 1301 894 1347 inutilem,
930 1302 978 1337 ita
1006 1302 1165 1348 Marsyas
1193 1301 1248 1336 vir

68 1362 223 1397 irritavit
250 1362 451 1408 Apollinem
480 1362 590 1397 deum
619 1361 803 1407 sapientiae
822 1362 858 1397 in
876 1372 988 1408 opere
1007 1363 1160 1408 musico,
1185 1362 1247 1398 sed

70 1421 187 1457 victus
215 1425 250 1457 et
277 1425 471 1467 superatus
498 1422 564 1456 fuit
590 1422 763 1467 spoliatus
790 1423 894 1468 pelle,
914 1422 1015 1468 idest,
1035 1422 1248 1468 apparentia

71 1482 245 1518 exteriori
273 1485 309 1517 et
336 1481 554 1528 superficiali
581 1492 654 1527 qua
674 1485 752 1517 erat
770 1482 927 1528 inflatus,
947 1486 983 1518 et
1001 1483 1150 1518 evanuit
1169 1482 1249 1518 ina-

69 1543 124 1577 nis
146 1542 321 1588 (iactantia
349 1542 437 1577 eius.
458 1542 518 1576 Est
540 1552 630 1588 ergo
657 1542 751 1578 bene
778 1552 937 1578 consona
965 1542 1077 1587 fictio,
1106 1553 1191 1578 nam
1220 1542 1248 1577 si

70 1602 218 1648 respicis
244 1602 336 1637 dnos
365 1605 476 1647 utres,
504 1602 663 1637 alterum
691 1602 852 1648 plenum,
880 1603 1039 1637 alterum
1068 1603 1247 1647 inflatum,

67 1666 152 1697 sunt
180 1662 343 1698 eiusdem
372 1662 595 1708 quantitatis,
622 1662 684 1698 sed
712 1672 784 1698 non
812 1662 1001 1707 bonitatis,
1029 1663 1122 1698 alter
1149 1662 1246 1698 enim

68 1726 122 1758 est
149 1723 277 1768 plenus
304 1726 426 1768 vento,
454 1723 547 1758 alter
574 1722 658 1758 vino
685 1723 743 1758 vel
771 1723 862 1758 oleo.
892 1723 975 1758 Ideo
1004 1723 1098 1759 bene
1129 1723 1247 1758 bonus

68 1786 104 1818 et
131 1783 272 1829 sapiens
299 1786 405 1829 poeta
432 1783 566 1818 Dantes
592 1786 692 1828 optat
720 1786 754 1818 et
781 1783 870 1828 petit
897 1783 975 1819 fieri
1003 1794 1067 1819 ras
1095 1784 1243 1829 plenum

69 1843 206 1888 optimo
226 1846 261 1878 et
282 1843 377 1877 dulci
407 1842 549 1887 liquore
568 1842 763 1888 sapientiae,
784 1847 824 1878 ut
843 1853 947 1879 more
970 1843 1141 1889 Apollinis
1164 1854 1247 1889 pos—

69 1902 113 1937 sit
140 1903 364 1938 consundere
392 1903 545 1937 {emulos
572 1902 781 1948 ignorantes
817 1903 851 1937 in
888 1907 998 1938 cantu
1035 1904 1176 1949 poetico
1212 1904 1247 1938 in

68 1963 133 1998 ista
162 1963 268 1998 tertia
296 1962 454 2006 Cantica,
475 1962 567 1997 sicut
591 1966 627 1997 et
654 1973 769 1997 musae
796 1966 1059 1998 converterunt
1087 1963 1247 1998 Pierides

67 2021 103 2057 in
130 2022 239 2068 picas,
260 2025 301 2057 ut
319 2023 445 2068 pulcre
464 2021 616 2067 exposui
636 2021 755 2066 primo
774 2025 882 2056 cantu
906 2022 1133 2068 Purgatorii3
1154 2022 1247 2058 sicut

69 2082 207 2118 calidus
241 2086 276 2118 et
309 2082 489 2128 superbus
523 2081 671 2127 sanguis
704 2082 856 2127 Marsya}
891 2091 1092 2117 conversus
1125 2086 1180 2118 est
1214 2082 1248 2117 in

69 2152 204 2187 aquam
233 2142 400 2188 frigidam
430 2145 466 2177 et
492 2141 635 2176 labilem
665 2141 763 2176 fluvii
791 2141 1019 2187 velocissimi,
1043 2152 1154 2187 quem
1183 2142 1248 2178 de—

68 2202 190 2237 scribit
205 2202 360 2244 Quintus
379 2202 526 2237 Curtius
545 2201 637 2236 libro
657 2201 828 2246 secundo,
844 2201 905 2236 ubi
924 2201 1025 2237 dicit:
1040 2202 1247 2238 Alexander

130 2296 156 2323 (¹)
174 2295 201 2319 E.
221 2303 288 2319 cuni.
373 2296 397 2325 (ἦ
419 2296 446 2319 E.
466 2296 581 2325 Marsyas
600 2296 652 2325 ipse
671 2296 799 2318 remansit.
885 2295 909 2324 (⁸)
927 2296 952 2319 S.
970 2302 984 2317 c
1003 2295 1032 2318 E.
1051 2296 1123 2319 istius
1142 2295 1245 2319 fabulzc.

130 2333 156 2362 (ι)
174 2334 208 2356 Le
227 2334 313 2363 parole
332 2334 370 2357 fra
390 2335 395 2358 i
414 2335 463 2357 due
480 2334 612 2357 asterisclii
630 2341 674 2357 son
693 2333 803 2363 supplitc
821 2334 886 2363 dagli
905 2333 964 2357 altri
983 2336 1021 2357 tre
1039 2333 1134 2357 Codici.
