1737 2836
130 419 271 472 Incipit
301 418 479 471 expositio
512 430 624 470 snper
658 416 803 458 fallam
830 418 979 469 partem-
1012 416 1162 464 Bautis,

330 516 411 555 qna>
444 500 785 541 PARADISUS
814 501 962 542 de'cz‘z‘m:

209 798 372 831 CANTUS
397 798 566 837 PRIMUS,
594 798 624 828 in
651 807 708 837 quo
729 797 860 836 ponitur
878 796 1084 836 prohemium.

135 933 307 1012 Boxum
334 979 387 1011 est
413 975 575 1011 cribrare
594 974 757 1009 modium
781 973 896 1009 sabuli
915 977 955 1008 ut
975 974 1055 1019 quis
1075 973 1233 1008 inveniat

61 1047 174 1072 unam
212 1036 462 1082 margaritam,
500 1035 615 1080 inquit
651 1034 820 1070 Averrois
855 1034 890 1069 in
932 1044 999 1069 suo
1034 1034 1233 1079 Colligetb3

61 1097 158 1142 quod
186 1095 453 1142 elegantissime
480 1095 605 1130 secisse
632 1095 856 1141 dignoscitur
883 1094 1151 1130 curiosissimus
1179 1094 1234 1129 in-

61 1156 213 1202 dagator
240 1158 346 1201 poeta
369 1155 502 1190 Dantes
529 1155 564 1189 in
591 1154 712 1189 divino
740 1157 908 1199 poemate
938 1164 1015 1189 sno.
1049 1153 1172 1189 Primo
1196 1149 1231 1197 (¹)

62 1215 234 1251 cribravit
262 1225 379 1249 unum
407 1214 570 1249 modium
605 1213 733 1258 sabuli,
767 1213 828 1248 ubi
863 1213 983 1248 solnm
1019 1213 1154 1248 invenit
1180 1213 1234 1248 di-

62 1274 293 1320 spositionem
321 1273 496 1310 evadendi
523 1273 569 1308 ab
596 1273 668 1308 ima
696 1272 789 1308 valle
816 1273 1066 1317 tenebrarum,
1091 1273 1151 1308 ubi
1179 1276 1234 1308 est

62 1337 230 1370 centrum
258 1333 423 1369 omnium
453 1332 699 1377 miseriarum,
723 1332 815 1367 sicut
842 1332 957 1377 patuit
985 1332 1076 1367 libro
1104 1333 1234 1378 primo,

63 1394 98 1429 in
126 1404 199 1439 quo
226 1397 381 1429 venatus
408 1397 461 1428 est
488 1393 610 1428 onmia
637 1402 773 1439 genera
799 1392 971 1427 vitiorum
999 1396 1034 1428 et
1061 1393 1235 1438 supplicia

63 1453 290 1489 eorumdem.
308 1453 475 1489 Secundo
490 1452 662 1488 cribravit
676 1452 787 1487 alium
804 1452 967 1487 modium
983 1452 1110 1497 sabuli,
1123 1452 1184 1487 uhi
1198 1448 1232 1496 ὅ)

64 1517 185 1548 tamen
214 1513 349 1558 reperit
375 1512 471 1547 viam
500 1511 704 1547 inveniendi
732 1511 982 1558 margaritam,
1005 1511 1098 1546 sicut
1124 1522 1236 1557 appa-

65 1573 138 1607 ruit
165 1572 256 1607 libro
283 1571 455 1616 secundo7
476 1571 511 1606 in
533 1582 606 1616 quo
633 1571 776 1606 minore
794 1581 879 1606 cum
903 1571 1028 1606 labore
1047 1581 1111 1616 per
1131 1581 1237 1606 mon-

66 1637 138 1668 tem
170 1631 384 1667 altissimum
417 1630 583 1676 qilaesivit
615 1631 737 1666 omnia
771 1641 908 1677 genera
935 1631 1126 1676 virtutum,
1154 1640 1236 1676 quae

66 1691 200 1727 faciunt
219 1691 314 1726 viam
335 1691 379 1726 ad
399 1690 680 1735 beatitudineln3
701 1701 798 1726 nunc
826 1691 932 1727 tertio
960 1691 1095 1737 reperit
1121 1691 1235 1737 ipsam

66 1751 303 1797 margaritam
331 1750 626 1796 pretiosissimam
655 1750 849 1796 praemium
868 1746 903 1794 (³)
936 1751 1102 1786 omnium
1134 1751 1236 1786 laho-

67 1822 151 1846 rum
178 1821 344 1854 suorum,
363 1810 508 1854 scilicet,
528 1813 702 1845 {eternam
726 1811 893 1856 glorIam.
913 1811 996 1846 Ideo
1015 1821 1235 1846 ascensurus

67 1871 214 1915 coelum,
242 1870 277 1905 in
304 1880 378 1915 quo
406 1870 481 1904 baec
509 1869 754 1905 desiderabilis
785 1870 900 1916 gloria
928 1870 1112 1916 potissime
1140 1871 1237 1916 viget

67 1934 103 1966 et
128 1931 235 1975 lucet,
264 1930 376 1975 ipsam
405 1929 506 1964 nobis
529 1929 601 1964 alte
620 1933 656 1964 et
674 1930 866 1975 magnifice
887 1930 1066 1965 describit.
1087 1929 1237 1965 Videtur

67 1993 191 2025 autem
214 1989 394 2035 appetitus
413 1988 538 2035 gloriae
557 1988 683 2022 insitus
707 1999 729 2023 a
755 1992 886 2024 natura
910 1989 1092 2024 mentibus
1109 1983 1143 2032 (4)
1172 1989 1238 2024 ho—

70 2049 209 2084 minnm
238 2049 500 2084 virtuosorum.
529 2047 649 2083 Gloria
678 2047 786 2092 enim,
807 2051 847 2082 ut
865 2048 1086 2093 sapientibus
1109 2049 1237 2093 placet,

69 2112 122 2144 est
149 2108 250 2154 qnasi
279 2108 446 2154 quaedam
468 2108 600 2143 umbra
621 2107 774 2152 virtutis,
795 2107 891 2143 illam
914 2108 1122 2153 comitatur,
1141 2108 1236 2144 illam

68 2168 246 2214 sequitnr7
275 2168 371 2203 illam
401 2167 622 2213 quandoque
653 2167 763 2202 etiam
798 2167 988 2212 antecedit,
1017 2168 1108 2203 sicut
1140 2168 1239 2203 vide-

131 2260 158 2289 (Η
176 2260 206 2284 E
225 2261 311 2284 Primo
328 2262 404 2284 enim.
657 2259 684 2289 (²)
702 2260 731 2283 E.
749 2260 791 2283 ubi
811 2263 909 2283 tantum
927 2261 1031 2290 reperit.

133 2297 157 2325 (³)
176 2300 197 2325 ὁ,
216 2301 239 2321 et
259 2299 402 2328 praemium.
661 2298 687 2327 (ι)
706 2300 727 2325 ὦ,
746 2299 874 2322 mentibus
892 2299 1015 2322 omnium.
