1766 2856
522 222 591 255 316
915 228 1119 254 COMENTL‘M
1146 229 1313 254 PARADISI

519 305 628 337 autor
655 301 801 336 intravit
829 300 885 335 hic
913 300 1049 336 coelum
1082 311 1146 347 per
1177 311 1322 347 speram
1356 300 1458 347 ignis,
1486 300 1585 346 quod
1613 299 1701 335 mihi

521 361 665 396 videtur
692 360 876 405 frivolum,
905 360 990 406 quia
1025 360 1213 406 paradisus
1240 360 1469 405 deliciarum,
1497 360 1701 396 secundum

521 421 703 456 fictIonem
731 421 881 466 autoris,
903 424 957 456 ost
985 431 1095 467 supra
1123 418 1267 467 speram
1295 420 1502 456 activorum
1531 424 1567 456 et
1588 420 1703 467 passi-

520 492 665 526 vorum,
686 481 780 516 sicut
806 490 902 527 saepe
921 480 1039 527 patuit
1061 481 1157 516 clrca
1180 480 1289 516 finem
1311 480 1530 527 Purgatorii.
1546 501 1595 506 —
1610 483 1703 515 Bea-

521 543 613 576 trice.
642 541 705 577 Hic
733 544 839 587 poeta
866 541 1000 576 Dantes
1032 541 1154 587 incipit
1187 552 1285 576 nunc
1318 541 1512 577 ostendere
1545 541 1704 586 qualiter

523 603 637 638 factus
657 605 710 637 est
734 601 861 636 habilis
880 601 925 636 ad
944 601 1216 637 ascendendum
1237 602 1394 647 coelum3
1415 605 1451 637 et
1471 601 1590 647 primo
1609 611 1704 647 prae-

522 663 630 697 mittit
658 662 814 707 qualiter
841 661 1005 697 Beati-ice
1033 662 1170 697 intenta
1205 662 1364 698 totaliter
1400 662 1436 697 in
1464 662 1601 698 coelum
1630 661 1704 708 ipse

523 722 668 758 reduxit
695 723 821 758 oculos
849 722 884 757 in
913 732 1021 767 eam,
1050 721 1147 757 unde
1174 722 1278 757 dicit:
1306 724 1466 757 Bealrice
1491 726 1593 757 stava
1620 724 1703 757 tuem

518 785 604 827 fissa
631 793 694 817 con
722 784 772 826 yle?
798 783 904 826 occln',
927 781 1031 826 idest,
1054 782 1303 827 speculatione
1323 785 1358 817 et
1385 781 1703 828 contemplatione,

522 845 598 878 nell'
613 846 726 877 eterne
752 846 863 885 ναοῖο,
884 841 986 886 idest,
1008 851 1132 887 speras
1159 842 1340 887 coelestes,
1369 841 1455 887 quia
1477 841 1524 877 ibi
1544 841 1704 877 maxime

521 903 678 938 miratur
705 905 912 937 creatorem
950 912 1074 947 suum,
1101 906 1133 936 et
1166 903 1199 936 io
1229 903 1318 946 fissi,
1354 901 1455 947 idest,
1491 901 1647 947 firmavi,
1676 903 1705 936 le

521 964 588 998 luci
612 964 736 997 rtn'zote
762 963 799 997 dt
825 959 932 1007 lasset,
963 961 1064 1007 idest,
1093 962 1220 997 oculos
1248 972 1350 998 meos
1378 965 1541 998 remotos
1568 972 1590 997 a
1617 962 1704 1007 sole,

521 1025 556 1058 in
584 1024 638 1067 let,
666 1025 862 1069 expectans
892 1022 998 1058 tacite
1025 1022 1112 1068 quid
1132 1022 1199 1058 ista
1218 1022 1413 1069 imperiosa
1433 1023 1580 1059 domina
1598 1022 1700 1059 dein-

522 1094 605 1130 ceps
633 1086 728 1119 esset
754 1089 894 1119 actura.
922 1083 964 1118 Et
991 1083 1111 1118 subdit
1130 1083 1305 1118 continuo
1325 1083 1498 1119 effectum
1521 1083 1631 1119 huius
1650 1083 1704 1119 in-

522 1143 726 1190 spectionis,
754 1143 899 1188 50111001,
929 1143 1134 1178 mirabilem
1154 1139 1188 1188 (⁴)
1220 1143 1566 1179 transmutationem
1598 1153 1703 1178 suam

525 1215 589 1252 per
609 1215 722 1240 unam
742 1203 1068 1250 comparationem,
1089 1214 1172 1249 quae
1191 1203 1407 1239 mirabiliter
1426 1204 1508 1239 facit
1527 1204 1572 1239 ad
1592 1214 1702 1239 suum

523 1265 770 1312 propositum3
791 1268 826 1300 et
846 1265 923 1299 vult
945 1264 1208 1300 sententialiter
1227 1264 1360 1310 dicere,
1377 1264 1474 1310 quod
1491 1274 1536 1300 ex
1556 1263 1706 1299 homine

523 1326 639 1361 factus
667 1329 720 1361 est
747 1325 837 1361 deus
898 1324 974 1361 sive
1001 1325 1155 1371 divinus,
1176 1335 1220 1360 eo
1243 1325 1353 1361 modo
1376 1336 1449 1371 quo
1468 1325 1628 1361 Glaucus
1650 1325 1703 1360 fa-

522 1390 602 1421 ctus
629 1390 683 1422 est
709 1386 801 1422 deus
815 1385 833 1405 ²³³
850 1381 897 1430 12).
917 1385 970 1421 Ad
993 1385 1102 1421 huius
1130 1386 1244 1421 literae
1270 1386 1545 1433 intelligentiam
1569 1386 1652 1422 volo
1671 1389 1707 1421 te

522 1447 626 1492 scire,
663 1446 761 1492 quod
788 1450 898 1482 autor
929 1446 1261 1492 congruentissime
1289 1446 1389 1493 fingit
1417 1456 1456 1482 se
1487 1446 1522 1481 in
1554 1449 1704 1492 aspectu

521 1507 694 1543 Beatiicis
722 1507 860 1543 sactum
890 1507 1000 1542 fuisse
1027 1506 1184 1542 similem
1204 1506 1354 1552 Glauco,
1375 1506 1449 1552 qui,
1469 1506 1562 1542 sicut
1581 1507 1705 1543 scribit

524 1567 672 1603 Ovidius
700 1566 778 1602 XIII
806 1567 861 1601 sui
889 1566 1044 1612 Maioris,
1078 1577 1123 1602 ex
1156 1567 1305 1602 homine
1332 1567 1477 1603 mortali
1504 1567 1620 1603 factus
1653 1570 1706 1603 est

523 1628 614 1663 deus
641 1627 870 1662 immortalis.
900 1627 1035 1662 Fuerat
1063 1627 1160 1662 enim
1189 1627 1345 1673 piscator
1371 1638 1527 1673 graecus,
1554 1628 1617 1673 qui
1643 1628 1705 1664 diu

522 1687 558 1722 in
578 1687 671 1722 mari
691 1690 849 1733 angusto
865 1686 1026 1722 Euboico
1042 1686 1200 1732 piscatus
1219 1686 1340 1722 suerat
1359 1686 1485 1733 pisces,
1502 1698 1599 1723 nunc
1618 1698 1704 1724 cum

523 1751 602 1783 rete
629 1757 727 1782 nunc
755 1757 839 1782 cum
869 1748 1006 1792 hamo,
1035 1747 1181 1783 tandem
1204 1747 1317 1783 semel
1346 1747 1461 1793 pisces
1488 1751 1612 1794 captos
1640 1759 1706 1794 po—

522 1811 646 1843 suerat
675 1807 710 1842 in
738 1807 852 1842 herba
880 1807 984 1853 prati,
1005 1807 1103 1852 quod
1127 1807 1248 1842 nullus
1268 1807 1471 1843 intraverat
1497 1811 1582 1844 ante
1605 1819 1706 1855 eurn,

522 1867 627 1902 cuius
663 1867 777 1903 herba
814 1877 1004 1912 nunquam
1042 1867 1162 1903 suerat
1198 1871 1294 1903 tacta
1326 1868 1435 1904 dente
1470 1868 1612 1915 bestiae,
1648 1870 1706 1905 vel

522 1937 635 1962 manu
666 1927 839 1972 liominisg
863 1927 908 1962 (10
935 1937 1008 1972 qua
1029 1927 1143 1973 pisces
1162 1930 1352 1974 gustantes
1371 1932 1563 1974 coeperunt
1582 1930 1705 1965 statim

523 1987 663 2023 moveri
692 1991 728 2023 et
756 1987 912 2034 vigorati
940 1987 1167 2023 saltaverunt
1198 1987 1233 2023 in
1267 1998 1390 2033 mare,
1424 1999 1498 2034 quo
1527 1989 1706 2026 miraculo

521 2047 682 2083 Glaucus
705 2048 942 2094 stupefactuS,
965 2051 1000 2083 et
1025 2048 1100 2094 ipse
1121 2048 1283 2095 gustavit
1301 2048 1346 2084 de
1366 2048 1478 2084 herba
1498 2049 1568 2094 illa,
1589 2053 1624 2085 et
1643 2061 1706 2085 su-

524 2106 598 2141 bito
627 2111 748 2143 motus
776 2107 928 2143 interius
956 2108 1114 2154 quadam
1155 2118 1248 2143 nova
1281 2108 1472 2144 dulcedine
1498 2109 1643 2145 saltavit
1670 2111 1704 2146 in

522 2177 625 2202 mare
653 2171 689 2202 et
717 2168 833 2202 sactus
861 2171 915 2203 est
942 2168 1061 2203 statim
1090 2168 1180 2204 deus
1202 2168 1361 2214 desuper
1380 2169 1511 2214 partim
1535 2170 1640 2216 piscis
1659 2171 1705 2206 ab

585 2258 611 2287 (¹)
631 2258 659 2281 Ε.
678 2259 822 2282 mirabilem
841 2260 981 2290 impoetam
1001 2262 1252 2285 transmutationem.

585 2297 610 2325 (²)
629 2296 663 2320 Le
682 2297 769 2327 parole
787 2298 825 2321 fra
843 2298 849 2321 i
868 2299 917 2322 (100
935 2300 1067 2323 asterisclli
1084 2307 1129 2323 son
1147 2300 1257 2330 supplite
1276 2301 1343 2331 dagli
1361 2301 1420 2325 altri
1439 2304 1477 2325 tre
1494 2302 1587 2326 (jodici.
