1737 2836
495 232 632 258 CANTcs
660 232 800 257 PRlML'S.
1166 226 1236 258 315

57 315 130 340 nou
157 307 211 340 est
238 304 376 340 licitum
405 305 440 339 in
467 304 534 339 isto
563 307 688 339 nostro
718 304 854 339 mundo
883 304 1036 349 miser03
1056 308 1091 340 et
1119 305 1237 340 reddit

58 375 228 400 causam:
258 363 372 400 merce*
395 365 451 400 del
476 366 563 407 loco,
592 364 694 409 idest,
718 364 853 400 virtute
880 368 917 400 et
941 365 1102 400 bonitate
1129 376 1238 411 para-

56 424 122 459 disi
155 424 382 470 deliciarum,
408 426 496 470 sallo
522 435 590 469 per
616 425 768 469 proprio
796 425 1020 459 (lell'umana
1055 436 1165 470 spere,
1202 429 1238 461 et

57 494 129 519 non
156 495 223 530 pro
250 485 318 521 alia
351 484 470 531 specie
504 485 561 520 vel
596 484 777 529 corporali
814 487 998 529 creatura,
1027 485 1113 529 qnia
1141 485 1238 520 Deus

57 544 155 580 hunc
182 545 304 580 locum
332 545 572 591 deputaverat
599 543 725 589 primis
759 543 983 589 parentibus,
1013 544 1105 579 sicut
1132 545 1238 591 plene

55 603 193 639 dictum
223 608 276 640 est
296 605 330 639 in
350 604 420 640 fine
439 603 664 650 Purgatorii:
687 613 752 638 nec
771 603 868 638 dicas
896 603 989 638 sicut
1011 604 1116 639 multi
1141 615 1239 640 mer-

56 663 145 698 cede
173 664 252 709 loci,
280 664 371 699 idest
393 664 487 708 coeli,
519 663 605 709 quia
633 663 795 698 nondum
824 666 933 697 autor
960 666 1039 698 erat
1067 664 1102 698 in
1130 665 1235 709 coelo7

55 722 119 758 sed
146 724 267 759 statim
297 724 441 770 incipiet
468 723 677 768 ascendere,
701 726 740 758 ut
762 723 909 769 patebit.
925 726 1037 758 -Ιο,
1058 724 1122 759 Hie
1142 724 1238 758 Dan-

56 786 111 818 tes
137 783 307 819 describit
333 784 505 819 effectum
534 794 610 818 suae
638 783 739 818 sortis
762 783 1009 829 vigorationis,
1030 784 1117 829 qnia
1145 784 1238 820 scili-

58 846 116 879 cet
143 844 263 879 statim
292 844 378 880 vidit
404 844 519 879 solem
539 843 819 889 splendidiorem
849 847 885 879 et
911 843 1160 880 ardentiorem
1180 856 1239 880 50-

56 903 120 938 lito
147 914 212 949 per
238 904 551 950 comparationem
580 904 718 939 claram
747 906 783 939 et
811 903 1010 949 propriam,
1030 904 1169 939 dicens:
1200 907 1238 939 Ιο

56 965 119 998 nol
143 966 293 1008 soffersi,
321 964 466 1009 scilicet,
496 964 598 999 11111111
627 964 753 1008 solem,
783 966 886 999 mollo
906 963 949 999 ne*
968 961 996 999 si
1009 975 1114 1008 poco,
1135 965 1237 1010 quasi

57 1023 163 1069 dicat,
190 1025 323 1070 subito,
342 1025 378 1059 in
396 1024 555 1069 instanti,
574 1025 624 1058 clz'
639 1025 672 1058 io
694 1026 755 1058 nol
783 1026 911 1059 vedesse'
932 1027 1108 1069 ssacae'llar,
1136 1025 1237 1071 idest,

55 1084 251 1120 scintillare
279 1088 315 1120 et
343 1084 486 1120 radiare
514 1085 636 1129 talem,
665 1086 749 1128 qual
771 1087 871 1130 ferro
904 1086 962 1120 che
997 1086 1139 1120 bollenle
1166 1096 1239 1120 esce

55 1145 118 1179 dal
139 1146 268 1189 suoco;
290 1144 431 1179 ferrum
452 1143 549 1179 enim
571 1144 668 1189 quod
692 1144 791 1190 prius
815 1149 893 1180 erat
917 1145 1088 1192 frigidum
1114 1149 1148 1180 et
1173 1146 1238 1180 ob-

55 1214 207 1240 scurum
236 1204 271 1239 in
299 1204 383 1250 igne
410 1204 568 1239 efficitur
590 1204 749 1239 calidum
770 1208 805 1240 et
827 1205 1066 1250 splendidum.
1088 1206 1129 1240 Et
1150 1206 1237 1240 sub-

55 1263 104 1299 dit
124 1274 316 1299 excessum
336 1264 528 1299 luminosae
548 1264 731 1309 claritatis,
751 1265 888 1300 dicens:
909 1276 926 1299 e
945 1267 981 1300 cle·
998 1266 1107 1300 subito
1122 1277 1237 1310 parce

54 1325 181 1368 giorno
209 1335 302 1359 esser
328 1325 494 1368 ayyz'zmto
529 1334 552 1358 α
585 1326 726 1369 giorno,
762 1325 866 1370 quasi
898 1325 1012 1361 dicat:
1050 1329 1086 1361 et
1117 1326 1237 1361 subito

55 1384 131 1419 visa
158 1388 212 1420 est
238 1384 414 1430 duplicari
442 1384 528 1430 dies⁷
557 1385 658 1420 velut
689 1385 717 1419 si
751 1385 824 1421 duo
858 1386 951 1422 soles
979 1390 1099 1422 essent
1127 1387 1236 1421 simul

54 1443 91 1478 in
118 1444 221 1479 coelo.
250 1443 352 1479 Unde
383 1443 486 1479 dicit:
521 1455 615 1479 come
646 1447 730 1487 Quet'
759 1446 817 1480 elce
840 1449 954 1490 pezole,
991 1446 1094 1490 idest,
1127 1447 1236 1491 Deus,

55 1503 118 1549 qui
144 1506 267 1549 posset
294 1507 330 1539 et
356 1503 465 1539 sciret
491 1504 613 1540 facere
639 1504 752 1539 alium
781 1505 895 1540 solem
924 1505 951 1540 si
980 1507 1099 1551 vellet,
1121 1517 1239 1541 (svesse

55 1564 195 1598 adorno
222 1565 248 1598 il
272 1565 336 1598 cz'el
359 1565 392 1599 (Γ
408 1575 452 1599 me
480 1566 572 1599 (ιῖΙΓο
598 1566 682 1609 sole,
708 1565 770 1610 qni
798 1569 892 1601 esset
921 1576 1099 1612 magnum
1128 1577 1238 1602 orna-

57 1627 225 1659 mentum
251 1621 287 1669 (¹)
324 1624 418 1669 coeli,
453 1625 550 1669 quod
582 1628 669 1660 tunc
704 1625 855 1660 liaberet
887 1625 980 1661 duos
1007 1627 1144 1671 oculos,
1175 1627 1235 1662 uhi

55 1693 152 1719 nunc
179 1684 289 1719 habet
317 1694 444 1729 unum,
466 1685 527 1729 qni
548 1684 729 1720 illuminat
758 1685 993 1730 universum3
1014 1685 1095 1721 ideo
1122 1686 1234 1721 alium

56 1754 128 1779 non
156 1743 238 1779 fecit
265 1744 351 1789 quia
378 1744 582 1780 sufficiebat
603 1755 708 1790 unus,
738 1756 822 1780 nam
848 1749 947 1781 terra
969 1749 1091 1791 posset
1109 1746 1235 1782 dicere

55 1803 132 1838 solo
159 1814 271 1839 necor
298 1804 383 1839 sole.
412 1804 454 1838 Et
482 1804 539 1839 1110
558 1807 654 1850 nota,
675 1805 773 1849 quod
794 1805 851 1840 1110
870 1805 1014 1841 divinus
1033 1809 1140 1852 poeta
1162 1810 1235 1841 tam

55 1863 176 1909 longa,
204 1866 279 1898 tam
306 1863 487 1899 laboriosa
514 1865 809 1911 peregrinatione
831 1875 896 1910 per
919 1865 1138 1911 profundam
1159 1867 1237 1901 ral—

55 1922 140 1968 lem,
169 1934 234 1969 per
260 1923 421 1958 arduum
450 1928 612 1959 montem
645 1928 866 1970 pervenerat
892 1925 937 1960 ad
965 1926 1086 1960 locum
1116 1926 1235 1971 perfe-

57 1986 124 2018 ctae
143 1983 298 2029 virtutis7
319 1984 382 2019 ubi
405 1987 583 2030 purgatus
611 1983 705 2029 igne,
730 1984 824 2018 lotus
851 1994 959 2029 aqua,
986 1984 1136 2019 indutus
1155 1995 1236 2020 am—

57 2042 224 2089 plissimis
251 2044 316 2079 alis
344 2043 522 2079 virtutum
543 2047 580 2079 et
598 2043 834 2079 scientiarum
856 2043 1002 2079 volabat
1021 2044 1056 2079 in
1080 2045 1234 2090 coelum3

57 2102 137 2139 ideo
165 2103 259 2139 bene
286 2103 369 2139 dicit
394 2103 491 2149 quod
514 2103 659 2139 videbat
681 2104 794 2139 solem
815 2103 993 2139 maiorem
1014 2107 1049 2139 et
1074 2104 1234 2151 pulcrio-

59 2173 138 2199 rem
167 2164 280 2199 solito.
308 2164 401 2199 Nota
429 2164 539 2200 etiam
568 2163 665 2209 qnod
692 2163 804 2209 aliqui
840 2163 1012 2199 dixerunt
1047 2164 1103 2200 hic
1137 2164 1234 2210 quod

122 2297 147 2327 (¹)
170 2299 188 2326 ί,
207 2297 423 2321 ordinamentum.
