1737 2836
375 233 512 258 CANTL‘S
539 232 727 257 VIGESIMUS
753 231 935 257 SEPTlMUS.
1172 225 1235 256 151

68 304 350 349 extremitatem,
370 304 431 339 sed
459 307 651 350 postquam
673 303 835 349 pervenit
853 302 898 338 ad
918 303 1039 338 locum
1063 301 1239 338 felicitatis

71 373 142 398 non
169 366 287 409 potest
313 363 468 409 amplius
495 363 637 398 cadere.

143 425 235 457 Poco
256 427 372 467 polea.
400 423 468 458 Ista
495 426 548 458 est
576 422 680 457 tertia
708 432 790 466 pars
818 422 998 468 generalis
1024 421 1170 467 capituli
1205 421 1240 456 in

70 492 143 528 qua
170 486 276 528 poeta
304 486 426 517 noster
457 481 626 517 describit
657 481 777 516 nobile
810 481 1007 526 somnium,
1035 481 1132 526 quod
1160 480 1242 516 fecit

70 543 105 578 in
134 543 193 579 lali
221 544 300 578 loco
327 546 363 577 et
390 546 574 587 tempore3
595 541 656 576 sed
674 540 792 586 primo
816 541 984 576 describit
1005 544 1147 586 tenipus
1167 550 1240 586 quo

69 603 299 647 obdormivit,
327 605 366 636 ut
393 602 442 637 sic
469 601 668 636 ordinatius
700 600 867 635 deveniat
898 600 943 635 ad
974 601 1170 635 somnium.
1200 601 1241 635 Et

71 664 147 698 vult
174 663 333 698 breviter
360 662 492 705 dicere,
521 661 617 706 quod
645 660 736 695 faeta
769 664 847 695 erat
879 670 963 704 nox,
992 660 1076 705 quia
1104 661 1239 695 coelum

70 726 148 758 erat
170 723 247 767 Jam
276 722 469 757 stellatum.
498 721 599 756 Unde
617 720 719 755 dicit:
742 722 832 754 Poco
845 724 950 764 polea
966 730 1077 764 parer
1093 717 1114 755 ῐὶ
1133 722 1190 755 del
1206 721 1242 754 di

67 783 165 827 fuori
169 795 183 826 ,·
206 781 308 826 quasi
337 781 441 825 dicat,
470 791 515 815 ex
543 780 601 815 illa
622 780 678 815 via
707 783 804 814 recta
828 783 994 825 poteram
1016 780 1138 815 videre
1161 790 1243 815 mo-

71 842 192 877 dicum
220 841 265 876 (le
291 841 395 885 coelo,
415 841 507 875 sicut
534 840 561 875 si
588 840 717 884 aliquis
744 842 836 874 esset
864 839 899 874 in
926 843 1036 885 puteo
1064 843 1100 875 et
1127 839 1241 885 respi-

71 904 171 936 ceret
198 900 345 945 coelum,
375 910 446 934 non
475 900 611 935 videret
633 899 697 933 nisi
717 909 867 944 parvam
896 902 1037 944 partem
1065 899 1155 943 eius,
1184 909 1241 933 ma

66 972 133 1005 per
160 961 237 1004 quel
258 970 346 1004 poco
376 961 486 994 cedev'
502 961 534 993 1'0
561 960 590 993 le
615 960 707 993 slelle
733 959 849 992 clzz'are
877 969 894 992 e
921 959 1096 1001 mayyt'ori
1121 959 1158 992 ch·
1189 959 1244 992 lor

71 1023 190 1055 solere.
220 1019 338 1054 Stellae
361 1019 577 1054 videbantur
600 1018 771 1053 clariores
789 1017 855 1052 sibi
882 1021 918 1053 et
947 1018 1103 1053 maiores
1128 1018 1244 1063 solito⁷

73 1080 157 1125 quia
185 1082 262 1114 erat
290 1078 439 1113 vicinior
467 1078 559 1113 coelo
587 1081 622 1113 et
648 1078 683 1112 in
711 1077 790 1112 1000
818 1088 911 1122 puro
938 1088 959 1112 a
987 1077 1161 1112 nubibus:
1190 1077 1245 1112 di-

73 1139 202 1174 stantia
229 1138 325 1173 enim
354 1138 422 1172 1001
450 1138 532 1172 facit
559 1138 679 1172 stellas
706 1136 818 1172 videri
846 1137 1026 1182 minimas,
1051 1147 1132 1182 quae
1160 1140 1245 1171 sunt

76 1199 111 1234 in
137 1209 176 1234 se
203 1198 384 1233 maximae.
412 1197 513 1232 Unde
541 1196 679 1231 subdit:
700 1198 724 1230 il
748 1207 858 1230 sonno
885 1198 932 1231 mi
952 1207 1056 1240 prese
1080 1193 1109 1231 si
1134 1197 1244 1231 rumi-

74 1260 205 1302 nando,
234 1258 270 1293 in
298 1261 420 1292 mente
449 1268 541 1301 mea,
569 1268 586 1291 e
617 1253 645 1291 si
681 1257 844 1291 mirando
880 1258 914 1290 in
949 1258 1068 1300 quelle,
1099 1256 1243 1300 scilicet,

74 1318 195 1362 stellis,
213 1317 258 1353 ad
278 1328 369 1362 quas
396 1316 570 1362 parabam
589 1313 624 1360 (1)
644 1316 713 1351 cito
733 1315 944 1361 pervenire3
969 1317 993 1350 il
1008 1326 1133 1359 sonno,
1152 1315 1243 1360 dico,

73 1379 131 1413 che
154 1381 303 1420 sovenle,
324 1377 423 1421 idest,
446 1387 552 1422 saepe,
572 1386 612 1410 sa
640 1377 669 1410 le
695 1377 825 1409 novelle
843 1377 927 1409 [azzi
947 1376 1004 1409 cleo
1019 1377 1042 1409 'l
1063 1376 1151 1420 sallo
1169 1377 1244 1420 sia,-

74 1437 159 1483 quia
179 1439 283 1482 poeta
312 1436 346 1470 in
374 1436 440 1470 isto
468 1446 596 1470 somno
619 1435 701 1470 fecit
717 1431 751 1478 (²³)
776 1435 959 1469 somnium
980 1445 1109 1469 verum
1134 1444 1245 1480 super

74 1506 115 1531 re
141 1499 240 1531 certa
267 1499 303 1530 et
329 1495 573 1541 praecogitata,
601 1505 687 1529 cum
713 1494 923 1529 dessorasset
954 1504 999 1529 ex
1027 1494 1107 1528 altis
1134 1494 1245 1539 apici-

74 1556 140 1590 bus
168 1555 367 1601 pulcriores
394 1565 439 1590 ex
470 1555 601 1600 quibus
628 1556 841 1589 contexeret
873 1564 1005 1589 novam
1038 1554 1242 1589 materiam.

74 1616 312 1650 —Nell'ora.
348 1615 450 1649 Nunc
486 1617 591 1660 poeta
624 1613 793 1649 describit
827 1613 946 1658 ipsum
980 1613 1177 1658 somnium,
1211 1614 1246 1648 in

75 1685 148 1720 quo
175 1675 276 1721 fingit
302 1685 340 1710 se
368 1674 496 1709 vidisse
516 1674 707 1709 mulierem
732 1673 897 1718 pulcram
916 1676 952 1708 et
969 1673 1139 1719 pudicam
1159 1684 1246 1708 can-

76 1738 222 1770 tantem.
258 1734 310 1769 Ad
348 1734 620 1780 intelligentiam
656 1736 781 1768 autem
822 1733 922 1768 istius
958 1733 1187 1768 nobilissimae
1211 1727 1246 1777 (3)

77 1794 238 1839 fictionis,
267 1804 349 1838 quae
382 1793 627 1828 communiter
663 1793 758 1828 male
794 1793 999 1838 exponitur,
1035 1796 1088 1828 est
1128 1793 1247 1838 primo

76 1853 274 1898 sciendum,
303 1853 399 1898 quod
426 1856 531 1897 poeta
557 1853 725 1888 describit
752 1852 808 1887 hie
835 1853 977 1888 occulte
1013 1851 1247 1897 praeclarissi-

78 1923 175 1949 mam
197 1912 415 1948 comitissam
436 1912 649 1957 Mathildim3
672 1912 751 1947 ideo
770 1922 836 1957 pro
855 1911 1035 1958 exigentia
1055 1912 1106 1946 rei
1125 1911 1247 1956 aliqua

77 1973 333 2019 compendiose
359 1972 488 2017 dicam,
516 1971 708 2007 exordiens
735 1971 781 2005 ab
801 1971 909 2016 ipsius
928 1974 1022 2005 ortu.
1051 1970 1130 2005 Fuit
1157 1981 1246 2016 ergo

78 2033 226 2078 quidam
255 2033 381 2068 nobilis
400 2032 565 2078 princeps
592 2031 637 2066 de
664 2030 825 2076 partibus
853 2030 990 2065 Tusciae
1014 2030 1048 2065 in
1069 2031 1244 2066 comitatu

78 2093 215 2129 lucensi
234 2096 348 2137 ortus,
368 2092 515 2127 studens
539 2091 595 2126 sui
615 2090 768 2125 nominis
786 2090 941 2136 gloriam
961 2090 1146 2136 ampliare.
1175 2090 1246 2137 lgi-

79 2156 140 2187 tur
167 2152 476 2199 longobardorum
506 2151 593 2187 fines
614 2151 808 2196 ingressus,
830 2150 961 2185 multas
980 2150 1152 2195 civitates,
1175 2153 1247 2185 ter-

142 2283 165 2310 {¹}
186 2284 237 2310 117,
255 2283 397 2312 sperabam.
523 2282 549 2311 (²)
567 2282 595 2305 E.
613 2281 681 2304 facit.
809 2280 833 2309 (ὅ)
855 2282 906 2309 117,
924 2280 1102 2303 subtilissima‘.
