1766 2856
528 226 595 257 190
888 231 1091 256 coMENTUM
1118 231 1339 257 PURGATORH

524 315 647 339 mezza
680 308 770 338 nolle
802 314 819 337 e
852 304 907 337 nel
938 313 1000 337 suo
1034 313 1154 337 mezzo
1194 314 1294 347 mese,
1331 303 1434 348 quasi
1470 303 1574 348 dicat,
1611 314 1698 339 cum

523 368 577 399 est
606 363 759 399 rotunda
788 367 823 398 et
851 363 955 408 plena
982 366 1018 398 et
1044 363 1151 398 lucet.
1172 363 1213 397 Et
1237 366 1321 398 nota
1349 363 1447 408 quod
1473 364 1698 409 comparatio

523 428 577 459 est
604 424 768 469 propria,
797 423 882 468 quia
913 423 1006 458 sicut
1039 423 1126 458 luna
1160 423 1285 468 recipit
1316 423 1443 458 lumen
1474 434 1496 459 a
1531 424 1616 469 sole,
1649 423 1699 459 ita

524 484 589 519 ista
617 483 812 519 luminaria
840 483 886 518 ab
912 487 1050 518 aeterno
1077 483 1172 528 sole,
1193 487 1228 519 et
1255 483 1347 518 sicut
1369 483 1455 518 luna
1478 484 1575 519 lucet
1601 484 1699 520 clare

524 543 560 578 in
579 554 721 588 sereno,
741 543 789 578 ita
812 543 878 578 ista
905 542 1100 578 luminaria
1119 543 1154 577 in
1170 539 1206 586 (¹)
1226 543 1285 578 illo
1304 553 1391 578 aere
1413 553 1506 589 puro
1524 546 1560 579 et
1579 543 1697 579 claro:

524 603 611 639 luna
637 604 746 639 etiam
775 603 936 637 maxime
963 603 1060 638 lucet
1082 602 1118 636 in
1142 602 1349 647 plenilunio,
1370 606 1403 637 et
1428 603 1475 638 ita
1504 603 1699 638 luminaria

524 663 589 699 ista
617 663 779 698 maxime
806 663 928 697 lucent
946 662 1068 707 positis
1091 662 1127 697 in
1146 662 1213 697 isto
1232 663 1376 698 excelso
1396 666 1530 698 monte.
1550 663 1593 699 Et
1611 663 1699 698 sub-

523 723 572 757 dit
592 722 776 768 quomodo
796 732 871 767 prae
890 725 1039 766 stupore
1062 722 1240 757 convertit
1259 732 1297 758 se
1317 722 1362 757 ad
1382 722 1585 769 Virgilium,
1605 723 1697 758 sicut

523 786 603 817 erat
629 782 754 817 solitus
781 782 902 816 facere
929 791 1039 826 super
1067 781 1299 826 admirandis,
1327 782 1468 817 dicens:
1505 784 1537 816 io
1569 785 1615 817 mi
1647 784 1699 817 ri-

525 843 610 876 rolse'
627 842 905 876 ‹l'ammirazzon
920 842 1036 884 piens),
1052 851 1096 875 ex
1117 841 1278 876 novitate
1298 841 1361 886 rei,
1377 843 1414 875 (ιΙ
1430 842 1521 875 bnon.
1542 843 1698 886 Virgilio,

523 905 562 936 ut
590 901 792 936 declararet
829 900 914 935 milii
943 901 1029 945 quid
1063 901 1129 935 sibi
1162 901 1295 936 vellent
1328 901 1393 936 ista
1419 901 1543 947 Jocula
1570 911 1696 946 aurea,

521 961 582 996 sed
611 961 756 996 frustra.
787 961 887 995 Unde
914 960 1017 996 dicit:
1036 965 1067 995 ec
1085 971 1159 995 esso
1180 962 1226 995 mi
1247 963 1380 1006 rispose
1398 972 1460 995 con
1484 963 1571 996 vista
1589 972 1698 996 σαντα

522 1022 557 1055 (li
583 1025 721 1065 stupore
748 1031 818 1055 non
846 1031 959 1064 meno,
987 1031 1098 1066 quam
1123 1031 1210 1067 ego,-
1234 1021 1337 1066 quasi
1365 1021 1470 1066 dicat,
1500 1022 1597 1066 quod
1616 1021 1698 1056 Vir-

523 1080 628 1127 gilius
656 1080 798 1115 strinxit
820 1091 870 1125 se,
890 1084 926 1115 et
953 1080 1050 1115 visus
1077 1084 1131 1116 est
1157 1081 1279 1116 dicere
1306 1085 1399 1116 nutu
1427 1081 1547 1117 faciel:
1577 1081 1698 1116 minus

524 1140 684 1186 intelligo
713 1140 806 1175 istud
836 1140 970 1175 sactum
1000 1150 1110 1185 quam
1140 1144 1195 1185 tu;
1225 1145 1259 1175 et
1286 1142 1390 1185 hene,
1419 1141 1503 1186 quia
1524 1141 1699 1186 sapientia

525 1200 650 1235 mundi
678 1211 722 1235 ex
751 1201 850 1246 puris
870 1200 1097 1236 naturalibus
1118 1211 1189 1236 non
1208 1201 1324 1246 potuit
1346 1201 1471 1237 videre
1493 1202 1559 1237 ista
1578 1201 1699 1237 divina

523 1261 676 1305 occulta,
704 1264 739 1296 et
766 1260 815 1295 sie
846 1260 988 1295 additus
1023 1264 1077 1295 est
1107 1264 1234 1306 stupor
1268 1261 1425 1306 stupori,
1456 1261 1551 1297 unde
1582 1261 1696 1297 addit:

524 1322 596 1355 indi
621 1322 740 1355 renclei
766 1323 786 1355 Γ
803 1325 932 1365 aspecto
959 1322 1016 1355 all’
1032 1323 1098 1355 alte
1124 1332 1212 1364 cose,
1241 1321 1384 1366 scilicet,
1405 1322 1450 1356 ad
1479 1322 1698 1357 candelabra

523 1390 605 1425 quae
633 1381 678 1415 ab
706 1381 778 1415 alto
806 1381 898 1415 coelo
926 1384 1195 1426 praesentantur
1227 1381 1261 1415 in
1294 1381 1360 1415 isto
1387 1382 1460 1416 alto
1493 1385 1634 1426 monte;
1663 1385 1700 1417 et

522 1440 624 1475 dicit:
653 1441 710 1475 che
735 1442 765 1475 si
792 1451 937 1475 moveam
963 1442 1122 1475 z'nconlro
1155 1452 1177 1475 α
1213 1442 1272 1475 noi
1302 1438 1331 1476 si
1365 1442 1471 1486 lardi,
1509 1441 1594 1487 quia
1622 1452 1695 1476 non

525 1500 588 1535 nisi
618 1500 719 1535 tarde
746 1500 898 1535 veniunt
916 1500 960 1535 ad
984 1500 1115 1544 visum,
1140 1500 1228 1535 idest
1256 1501 1500 1547 cognitionem
1529 1501 1694 1546 hominis,

522 1561 580 1594 che
603 1562 711 1604 sorem
743 1561 830 1593 virete
856 1561 903 1594 (Ia
931 1561 1061 1594 novelle
1087 1570 1196 1604 spese.

597 1621 646 1653 La
673 1621 803 1654 (Ιοηηα.
833 1620 902 1654 Ista
930 1623 983 1655 est
1008 1620 1112 1655 tertia
1132 1630 1214 1665 pars
1233 1620 1424 1665 generalis,
1446 1620 1480 1655 in
1501 1631 1573 1665 qua
1592 1624 1699 1666 poeta

522 1678 691 1714 describit
717 1679 929 1725 generalem
957 1679 1161 1714 exercitum
1196 1680 1369 1724 ecclesiae,
1396 1680 1457 1725 qui
1485 1691 1570 1715 cum
1599 1681 1699 1727 prin-

523 1737 660 1783 cipibus
683 1739 757 1773 suis
776 1739 1000 1784 sequebatur
1029 1739 1085 1774 illa
1109 1739 1304 1774 luminaria
1327 1743 1363 1774 et
1385 1740 1536 1786 insignia
1559 1750 1698 1786 praece-

522 1798 652 1834 dentia.
682 1799 723 1833 Et
750 1799 868 1844 primo
902 1799 1056 1834 ostendit
1089 1799 1246 1844 qualiter
1274 1799 1332 1835 illa
1359 1800 1518 1845 domina,
1549 1811 1594 1836 ne
1621 1801 1696 1846 ipse

522 1858 707 1894 amitteret
734 1862 879 1905 teinpus
906 1859 1001 1894 circa
1035 1870 1165 1904 unum,
1194 1860 1401 1895 invitaverit
1429 1870 1515 1895 eum
1547 1860 1592 1896 ad
1627 1860 1698 1896 alia

523 1918 686 1954 videnda.
724 1919 814 1954 Dicit
850 1930 958 1966 ergo:
997 1922 1047 1954 La
1083 1921 1215 1963 domm,
1249 1920 1393 1965 scilicet,
1429 1920 1615 1965 Mathildis,
1652 1922 1700 1955 mi

521 1974 663 2021 syride:
688 1977 814 2023 percle&
837 1990 906 2023 pur
932 1980 1027 2023 arde,
1060 1979 1160 2023 idest,
1192 1979 1363 2015 ardenter
1395 1979 1642 2025 inflammaris,
1669 1977 1699 2015 εὶ

522 2039 728 2082 nell'affelto
767 2040 851 2073 delle
893 2041 964 2074 vive
999 2041 1078 2083 luci,
1112 2039 1217 2084 idest,
1255 2039 1498 2075 relucentium
1539 2040 1698 2076 lumina-

523 2096 617 2131 rium
637 2093 684 2141 J),
712 2109 729 2131 e
755 2095 807 2133 cis)
834 2100 892 2133 elce
920 2100 993 2134 m'en
1021 2100 1154 2134 ‹Iirelro
1181 2110 1202 2133 α
1230 2101 1285 2134 lor
1312 2110 1380 2134 non
1408 2101 1565 2143 gnaras?
1593 2100 1697 2146 quasi

521 2156 633 2192 dicat:
663 2160 698 2192 ct
727 2168 797 2192 non
825 2159 1032 2194 consideras
1060 2159 1210 2195 effectus
1233 2159 1377 2194 illarum
1397 2159 1535 2205 lucum,
1563 2160 1697 2196 scilicet

584 2286 610 2316 (Ἰ)
630 2289 681 2313 117,
701 2287 724 2310 in
744 2287 791 2311 islo
809 2294 866 2311 acre
885 2295 959 2318 puro.
1149 2290 1175 2320 (¹)
1193 2291 1221 2314 Ε,
1241 2291 1377 2314 luminum,
