1737 2836
467 248 607 274 CANTUS
633 248 811 280 QUARTUs.
1151 241 1222 273 383

49 319 190 356 literam
210 320 348 355 autoris
371 319 494 365 nostri,
515 320 612 365 quod
631 320 706 365 ipse
726 320 824 366 ponit
838 316 875 364 ζ’)
895 320 963 355 boc
987 330 1052 366 per
1072 320 1221 356 modum

48 380 342 425 comparationis,
370 390 442 415 non
470 379 653 425 positionis
681 378 1002 415 verae.—Pe7·clzaei.
1024 381 1087 416 Hic
1115 384 1223 416 autor

48 440 202 485 applicat
220 440 331 475 dictas
349 439 640 485 comparationes
657 439 702 474 ad
722 439 959 485 propositum,
975 443 1012 475 et
1029 440 1112 476 dicit
1134 441 1220 477 bre-

50 500 143 536 viter
170 500 267 545 quod
294 500 368 546 ipse
395 499 430 534 in
456 499 561 534 simili
588 502 685 534 stans
710 509 908 544 suspensus
935 499 1028 535 inter
1054 500 1127 536 duo
1154 511 1219 536 sua

50 559 160 595 dubia
199 570 271 595 non
312 562 453 605 poterat
490 569 703 605 praeponere
738 559 895 594 alterum
931 559 1104 605 ipsorum,
1142 561 1223 597 licet

51 622 145 655 esset
171 619 399 654 avidissimus
426 619 624 664 quaerendi.
653 618 754 654 Unde
780 618 882 653 dicit:
905 620 1068 654 Percle'io
1086 631 1156 655 non
1176 623 1223 656 mi

50 680 231 723 riprendo,
262 679 361 724 idest,
390 690 461 714 non
488 689 620 714 accuso
640 689 710 724 me,
730 677 773 714 ne'
797 680 1011 722 commendo,
1034 679 1135 725 idest,
1156 691 1222 716 nec

50 738 158 773 laudo
188 749 257 783 me,
284 741 354 773 s'z‘o
379 740 532 783 sospinco
557 740 643 774 dallt'
669 740 734 773 mei
759 739 884 782 dabbtt,
912 738 1013 784 idest⁷
1042 739 1222 785 incitatus,

51 798 228 844 impulsus
245 809 265 834 a
285 799 430 834 duobus
448 799 565 834 dubiis
583 798 859 843 subscribendis,
879 800 965 834 ct’mz
986 801 1102 843 mecm,
1121 800 1222 846 idest,

49 859 249 903 aequaliter‚
277 860 310 893 io
337 861 383 893 mi
408 863 516 903 laceo,
543 859 626 893 nibil
654 859 775 894 dicens
791 854 840 903 (²),
862 861 925 903 poi
950 861 1077 894 ch’era
1103 871 1220 895 neces-

50 920 161 962 sarm,
191 918 335 963 scilicet,
363 928 424 954 me
463 921 584 954 tacere
615 928 659 953 ex
694 928 768 963 quo
800 929 870 953 non
907 922 1071 963 poteram
1102 919 1223 964 loqui3

51 977 131 1013 ideo
157 978 295 1013 subdit:
325 980 357 1013 io
384 980 431 1013 mi
457 983 566 1022 laem,
596 978 730 1013 scilicet
756 988 842 1013 cum
862 978 997 1024 lingua,
1021 989 1077 1013 ma
1105 980 1130 1013 il
1155 980 1224 1014 mio

50 1039 150 1080 disir,
178 1038 425 1082 intrinsecum,
454 1039 497 1072 ιη·
511 1048 573 1072 era
601 1039 744 1081 dimna),
772 1038 873 1082 idest,
900 1042 1024 1083 patens
1051 1042 1086 1074 et
1113 1049 1224 1084 appa-

51 1108 147 1142 rens,
174 1099 228 1132 e'l
253 1099 445 1132 cle'manclar
470 1108 533 1132 con
561 1099 638 1140 ell0,
666 1097 767 1141 idest,
790 1101 825 1132 et
852 1097 974 1143 petitio
1002 1098 1109 1133 simul
1137 1109 1222 1133 cum

50 1157 228 1192 desiderio
256 1157 516 1202 explicabatur,
543 1158 600 1191 vel
626 1158 712 1200 viso,
739 1157 828 1192 idest
853 1157 887 1192 in
915 1157 1016 1202 facie,
1043 1159 1140 1192 assai
1161 1156 1223 1202 ρι’ἲι

50 1218 165 1259 caldo,
201 1216 301 1261 idest,
329 1216 528 1252 ferventius
560 1220 594 1252 et
628 1216 873 1261 affectuosius,
900 1218 958 1251 clee
993 1219 1131 1252 cle'scinto
1159 1228 1224 1262 per

47 1278 190 1321 ρανῐαν,
220 1277 319 1321 idest,
348 1287 459 1321 quam
487 1276 513 1311 si
542 1286 610 1322 ego
638 1277 872 1322 explicassem
903 1274 1221 1312 verbis—Fe’si.

50 1337 153 1372 Nunc
180 1337 313 1372 Dantes
340 1336 490 1372 intendit
517 1336 750 1372 manifestare
783 1347 848 1371 sua
882 1337 1009 1381 dubia;
1042 1341 1078 1372 et
1104 1337 1223 1383 primo

49 1399 199 1442 apparat
226 1396 430 1432 Beatricem
457 1395 502 1430 ad
529 1396 597 1432 hoc
625 1406 689 1441 per
716 1396 873 1432 nobilem
898 1397 1221 1442 comparationem.

49 1457 101 1492 Ad
136 1456 241 1491 cuins
275 1456 559 1491 declarationem
596 1459 650 1491 est
686 1456 951 1501 praesciemlum
989 1457 1097 1501 quod,
1132 1457 1223 1492 sicut

49 1516 224 1561 scriptum
252 1518 306 1551 est
332 1515 537 1561 Purgatorii
565 1515 723 1560 capitulo
743 1516 850 1560 XXll,
878 1516 1001 1551 Daniel
1030 1516 1166 1561 positus
1188 1516 1224 1551 in

49 1576 256 1621 captivitate
288 1574 623 1610 Nabuchodonosor
652 1575 748 1621 regis
774 1576 1000 1621 assyriorum
1037 1576 1070 1611 in
1103 1577 1224 1623 Baby-

50 1636 155 1681 lonia,
183 1636 276 1671 sicut
303 1636 458 1671 hahetur
486 1635 641 1671 Danielis
667 1636 839 1680 secundo,
868 1637 992 1671 habuit
1020 1637 1224 1683 intelligen-

51 1696 137 1732 tiam
165 1696 329 1731 omnium
360 1696 538 1730 visionum
558 1699 592 1730 et
612 1696 857 1741 somniorum3
877 1707 951 1741 quo
973 1700 1138 1742 tempore
1159 1707 1222 1732 rex

51 1756 126 1802 ipse
154 1756 235 1791 fecit
262 1755 427 1790 mirabile
453 1755 662 1800 somnium;
690 1756 787 1800 quod
807 1766 891 1791 cum
912 1757 967 1791 sui
990 1757 1169 1802 sapientes
1188 1760 1224 1792 et

51 1815 270 1851 divinatores
297 1815 476 1850 nescirent
504 1825 679 1851 revocare
705 1815 750 1850 ad
780 1816 995 1851 memoriam
1017 1816 1094 1851 eius
1120 1827 1224 1851 man-

51 1875 149 1911 davit
174 1885 301 1910 omnes
328 1874 489 1909 interfici.
524 1875 624 1910 Tunc
657 1875 781 1911 Daniel
818 1877 993 1911 revelavit
1027 1876 1222 1920 somnium,

53 1935 226 1979 videlicet,
255 1935 352 1980 quod
381 1945 444 1970 rex
473 1934 612 1969 viderat
638 1939 795 1970 statuam
824 1936 907 1970 altae
934 1939 1094 1980 staturae,
1118 1935 1223 1970 cuius

51 1998 159 2040 caput
186 1997 265 2030 erat
290 2005 334 2031 ex
355 2004 459 2039 auro,
481 1996 604 2039 pectus
624 1998 659 2029 et
678 1995 825 2029 brachia
845 2005 889 2030 ex
910 1998 1074 2040 argeum,
1096 2000 1223 2031 venter

52 2058 85 2090 et
114 2055 250 2090 femora
280 2064 324 2090 ex
346 2064 460 2098 ramo,
483 2053 576 2087 tibiae
602 2053 730 2088 serrem
757 2064 840 2089 cum
862 2054 1022 2099 pedibus,
1043 2054 1104 2089 sed
1128 2065 1222 2090 unus

51 2115 247 2160 digitorum
275 2118 353 2150 erat
381 2114 531 2157 ferreus,
561 2113 652 2148 alter
680 2117 843 2149 terreus:
874 2114 1017 2149 iuterim
1046 2115 1132 2160 lapis
1160 2124 1223 2150 ve-

52 2174 152 2210 niens
179 2174 223 2209 de
252 2178 374 2208 monte
402 2173 477 2207 sine
505 2173 672 2207 manibus
700 2173 875 2218 percussit
908 2173 1015 2219 pedes
1046 2177 1081 2209 et
1109 2177 1219 2209 totam

116 2304 142 2333 (¹)
160 2306 181 2332 5,
200 2304 270 2333 ponit
289 2304 351 2327 haut.
552 2302 577 2333 ζ’)
597 2303 624 2327 Ε.
642 2303 704 2327 nihil
722 2304 836 2328 (licendo.
