1766 2856
485 264 555 296 436
880 266 1084 293 coMENTUM
1112 265 1277 290 PARAnlsl

485 354 556 378 una
585 345 710 377 aestate
736 340 880 375 duobus
908 338 1066 374 vICtoriis
1087 338 1268 385 gloriosus
1297 336 1427 373 redivit
1455 337 1489 372 in
1509 336 1662 372 Galliam

483 401 738 447 *cisalpinam
768 400 889 435 Caesar
916 398 1046 434 deinde
1076 408 1247 434 reversus
1274 397 1310 432 in
1336 396 1522 433 Galliam*
1540 392 1575 441 (¹)
1600 396 1667 431 ha-

482 462 561 498 buit
596 461 734 496 bellum
771 459 1040 495 atrocissimum
1077 469 1162 494 cum
1206 457 1357 502 Nerviis,
1389 456 1452 503 qui
1488 457 1591 492 ferox
1628 460 1664 492 et

482 522 618 557 durum
646 531 764 567 genus
788 519 992 564 hominum,
1014 522 1087 554 tam
1119 518 1299 554 obstinate
1326 520 1598 565 pugnaverunt,
1625 520 1664 551 ut

482 581 623 627 equites
651 580 889 616 Trevirorum
919 580 1089 626 fugerent
1121 579 1184 624 qui
1212 582 1390 615 venerant
1417 578 1453 613 in
1480 577 1662 613 auxilium

483 642 645 678 Caesaris.
675 641 744 677 Sed
771 641 892 676 Caesar
919 650 1005 676 cum
1034 650 1179 686 semper
1210 639 1470 686 magnanimus
1497 641 1603 683 esset,
1631 637 1666 673 in

483 703 626 749 magnis
649 702 818 748 periculis
838 701 1022 736 maximus
1038 696 1087 746 (ἓ),
1107 701 1285 736 auxilium
1310 700 1408 745 quod
1427 699 1574 735 aliunde
1592 709 1665 734 non

483 766 625 810 poterat
653 774 673 798 a
702 763 818 808 seipso
845 761 1007 807 accepit3
1037 772 1122 797 nam
1151 761 1316 797 detracto
1345 764 1449 797 scuto
1477 760 1541 796 uni
1564 759 1665 795 militi

484 835 552 860 suo
579 824 614 858 iu
642 823 797 869 primam
827 822 943 857 aciem
972 832 1138 867 currens,
1167 832 1295 858 amore
1323 825 1358 857 et
1390 822 1531 868 pudore
1559 831 1668 857 revo-

483 884 570 920 catis
598 883 672 918 suis
692 883 928 930 reintegravit
947 893 1122 929 pugnam.
1143 882 1200 918 Sic
1221 893 1374 918 romana
1393 881 1665 928 perseverantia

483 944 719 991 pertinaciam
746 943 966 979 Nerviorum
988 943 1083 988 vicit,
1112 947 1147 979 et
1174 944 1295 979 Caesar
1316 943 1430 979 sactus
1452 946 1506 979 est
1528 942 1666 987 victor,

483 1016 550 1052 pro
577 1015 649 1050 qua
678 1004 830 1040 victoria
858 1004 1071 1050 supplicatio
1100 1004 1308 1050 quindecim
1337 1004 1480 1039 dierum
1501 1003 1594 1039 facta
1613 1005 1667 1038 est

485 1066 622 1101 Romae.
657 1065 778 1100 Cacsar
806 1064 935 1100 deinde
962 1065 1127 1100 transivit
1155 1065 1324 1100 Rhenum
1353 1065 1388 1100 in
1416 1064 1666 1108 Germaniam,

484 1126 578 1161 facto
607 1128 715 1171 ponte
741 1124 937 1160 artificioso
956 1125 1073 1170 valde,
1098 1125 1159 1160 ubi
1181 1125 1276 1161 stetit
1297 1125 1415 1160 solum
1436 1125 1562 1161 decem
1583 1128 1666 1160 octo

484 1187 634 1222 diebus:
664 1189 700 1221 et
728 1196 900 1221 reversus
935 1185 970 1220 in
998 1185 1163 1230 Galliam,
1192 1185 1285 1220 sacto
1319 1196 1453 1231 magno
1487 1187 1664 1231 apparatu

485 1248 648 1293 navium,
669 1246 834 1282 transivit
861 1246 896 1281 in
918 1246 1142 1281 Britanniam
1172 1246 1278 1282 tertio
1305 1256 1403 1281 anuo
1426 1245 1508 1281 belli
1535 1244 1666 1292 gallici,

487 1308 571 1354 quia
599 1307 756 1343 britanni
784 1307 960 1343 dederant
987 1307 1123 1342 auxilia
1150 1307 1263 1353 gallis.
1295 1306 1344 1342 Ibi
1365 1317 1491 1352 passus
1514 1309 1567 1341 est
1590 1315 1669 1340 ma-

487 1379 598 1415 gnam
632 1370 898 1414 tempestatem,
933 1367 981 1403 ita
1013 1371 1053 1402 ut
1088 1377 1281 1402 romanam
1315 1366 1507 1402 audaciam
1541 1365 1667 1401 mundi

488 1428 619 1463 tinibus
646 1439 718 1463 non
745 1431 954 1463 contentam
984 1427 1164 1474 castigare
1186 1427 1374 1463 videretur
1393 1427 1583 1471 Oceanu53
1603 1425 1666 1461 sed

487 1499 554 1534 pro
582 1488 733 1524 victoria
761 1488 974 1534 supplicatio
1003 1487 1127 1534 viginti
1155 1487 1298 1523 dierum
1328 1488 1421 1523 facta
1449 1491 1504 1523 est
1527 1487 1664 1531 Romae,

489 1548 587 1593 quod
615 1559 805 1593 nunquam
833 1552 917 1583 ante
945 1547 1082 1583 factum
1112 1547 1252 1583 fuerat:
1277 1551 1312 1583 et
1339 1551 1473 1593 quarto
1500 1558 1597 1583 anno
1616 1547 1670 1583 vi-

488 1608 592 1643 sitata
612 1608 725 1643 Gallia
754 1608 924 1653 cisalpina
952 1611 988 1643 et
1016 1608 1164 1654 illyrica,
1188 1618 1271 1653 quae
1299 1619 1396 1644 nunc
1417 1609 1549 1644 dicitur
1568 1608 1669 1644 Scla—

487 1668 607 1713 vonia,
641 1671 676 1703 et
711 1672 791 1703 erat
825 1668 894 1702 sub
925 1667 1107 1714 legatione
1141 1678 1229 1712 sua,
1261 1668 1394 1704 iterum
1432 1669 1597 1704 transivit
1632 1669 1667 1703 in

486 1727 709 1763 Britanniam
738 1738 823 1762 cum
854 1727 981 1763 maiori
1011 1731 1237 1773 tempestate,
1266 1728 1328 1763 ubi
1357 1729 1451 1764 bello
1476 1728 1561 1764 vicit
1580 1728 1668 1764 Cas—

487 1787 704 1823 sivellanum
733 1787 854 1822 virum
887 1787 1125 1823 fortissimum
1159 1798 1270 1833 quem
1306 1798 1435 1824 omnes
1468 1789 1599 1824 ducem
1631 1792 1667 1824 et

488 1858 613 1894 regem
653 1848 813 1883 fecerant
847 1847 944 1893 apud
976 1848 1199 1883 Leondiuam
1237 1848 1433 1893 civitatem,
1461 1859 1544 1894 quae
1579 1852 1665 1885 tunc

487 1907 749 1943 Trinobantum
771 1908 993 1953 vocabatur,
1012 1912 1048 1944 et
1070 1912 1215 1954 recepta
1236 1909 1329 1944 urbe
1352 1919 1438 1944 cum
1457 1910 1535 1945 aliis
1558 1910 1666 1955 quin-

486 1979 559 2014 que
587 1979 712 2015 pacem
741 1969 837 2004 dedit
864 1969 1120 2014 Cassivellano,
1151 1972 1345 2005 contentus
1378 1970 1504 2006 secisse
1537 1981 1664 2017 regem

486 2033 521 2065 et
549 2029 774 2065 Britanniam
804 2029 1047 2075 tributariam,
1076 2032 1112 2065 et
1145 2040 1316 2066 reversus
1352 2034 1404 2066 est
1441 2031 1476 2065 in
1512 2030 1664 2066 Galliam

487 2100 618 2125 sereno
638 2091 742 2136 mari,
758 2091 856 2136 quod
875 2101 943 2126 suo
961 2090 1130 2126 domitori
1147 2091 1325 2137 gratulari
1342 2091 1544 2126 videbatur.
1562 2090 1664 2126 Anno

486 2151 613 2196 quinto
640 2151 750 2186 huius
776 2152 858 2187 belli
886 2151 990 2197 quasi
1018 2162 1146 2187 omnes
1173 2151 1256 2198 galli
1285 2151 1511 2187 rebellarunt
1534 2151 1666 2187 Caesari

486 2210 580 2246 (luce
599 2211 854 2247 lnduciomaro
876 2212 1079 2257 trevirensi,
1096 2222 1208 2257 quem
1228 2212 1409 2247 Labienus
1429 2213 1570 2259 legatus
1589 2212 1668 2247 Cae-

592 2307 628 2329 Lo.
646 2307 734 2336 parole
752 2307 790 2330 fra
809 2308 815 2330 i
833 2308 882 2331 due
900 2309 1034 2332 asterischi
1052 2316 1097 2332 son
1116 2308 1227 2338 supplite
1245 2308 1285 2332 dai
1302 2307 1387 2332 Codici
1406 2310 1419 2331 k
1436 2314 1450 2331 e
1470 2307 1583 2331 Esiense.

595 2345 623 2367 E.
642 2345 760 2369 maxime.

548 2307 574 2335 (¹)

548 2344 575 2375 (¹)
