1766 2856
518 275 563 306 98
879 279 1082 305 COMENTUM
1108 279 1328 305 PERGATORII

519 353 695 389 membris
729 355 895 388 remanet
923 351 1059 397 aliquid
1093 351 1190 396 quod
1225 355 1378 387 vocatur
1405 362 1561 398 sperma,
1588 351 1689 396 idest,

516 423 666 458 semen3
701 418 737 449 et
769 413 839 448 tale
871 422 1018 458 sperma
1046 415 1212 458 tempore
1245 412 1362 447 coitus
1388 412 1424 447 in
1451 412 1598 448 homine
1624 412 1689 447 de-

514 473 630 509 currit
657 472 750 508 infra
777 472 821 507 ad
849 482 936 507 vasa
963 471 1170 517 seminaria,
1198 471 1331 507 seilicet
1359 471 1554 517 testiculos,
1578 475 1614 507 et
1639 471 1688 507 ibi

515 543 560 568 ex
589 533 704 569 rubeo
731 532 890 568 efficitur
921 532 1045 567 album
1079 536 1115 568 et
1146 532 1346 568 effunditur
1378 532 1414 567 in
1440 532 1632 568 matricem
1649 528 1686 576 (⁴)

517 592 690 638 mulieris,
719 596 754 628 et
781 592 828 628 ibi
855 592 1115 628 commiscetur
1142 603 1227 628 eum
1255 593 1434 639 sanguine
1460 593 1539 629 eius
1558 596 1594 628 et
1613 592 1688 639 agit

516 653 551 687 in
578 652 696 687 illam:
725 656 761 688 et
787 652 879 688 sieut
906 662 951 688 ex
978 653 1134 699 coagulo
1161 656 1197 688 et
1223 653 1315 688 lacte
1342 653 1380 688 fit
1407 663 1546 698 caseus,
1570 653 1620 688 ita
1641 662 1687 688 ex

516 716 698 758 spermate
726 716 761 748 et
788 717 978 748 menstruo
1006 712 1044 747 fit
1065 712 1174 747 foetus
1193 715 1259 747 ete.
1283 713 1386 748 Nunc
1404 713 1449 748 ad
1471 713 1615 748 literam
1633 712 1688 748 di—

516 773 562 808 cit
589 772 743 808 Statius:
772 775 910 816 Sanyne
931 774 1092 817 perstem),
1120 772 1265 817 scilieet,
1288 783 1447 818 sperma,
1466 773 1528 818 qui
1547 777 1601 809 est
1623 773 1688 809 de-

516 836 641 868 coctus
659 828 692 876 θ’)
723 836 759 867 et
785 832 996 877 depuratus,
1024 832 1082 866 elce
1114 833 1186 866 mai
1219 842 1288 866 non
1318 833 1349 867 si
1375 833 1454 867 beve
1487 834 1580 868 dalle
1606 843 1689 867 vene

516 895 673 935 ass-elale,
702 891 801 936 idest,
830 891 1030 936 sitibundis,
1058 891 1114 926 vel
1140 891 1358 926 habentibus
1376 892 1492 937 sitim3
1512 892 1616 938 quasi
1634 892 1689 928 di-

515 955 583 996 cat,
612 951 710 996 quod
737 962 809 987 non
837 951 963 987 transit
990 951 1026 986 in
1052 951 1281 997 alimentum,
1308 952 1371 987 sed
1399 956 1546 998 propter
1572 962 1688 999 gene-

518 1011 695 1047 rationem
714 1006 762 1055 ὃ).
790 1011 851 1046 Est
878 1011 975 1046 enim
995 1010 1226 1057 superfluitas
1248 1011 1355 1056 utilis,
1380 1011 1476 1047 unde
1502 1011 1605 1047 dicit:
1625 1024 1643 1047 e
1661 1013 1691 1047 si

514 1073 666 1115 remane,
693 1082 715 1106 a
741 1071 859 1116 simili,
887 1073 988 1115 quast
1013 1072 1174 1105 alimento
1201 1072 1260 1105 elce
1285 1072 1355 1106 leve
1374 1072 1411 1106 cli
1428 1082 1560 1115 mensa,
1586 1071 1688 1117 idest,

517 1132 609 1167 tollis
637 1135 672 1167 et
700 1142 879 1167 removes.
907 1132 949 1166 Et
976 1131 1033 1166 hic
1061 1135 1144 1166 nota
1172 1131 1271 1176 quod
1299 1131 1496 1167 similitudo
1523 1135 1577 1168 est
1597 1139 1690 1178 'pro—

515 1191 716 1238 priissima:
745 1191 837 1226 sieut
863 1191 960 1227 enim
989 1202 1033 1227 ex
1061 1191 1140 1226 cibo
1167 1191 1329 1236 apposito
1357 1191 1434 1238 regi
1461 1192 1519 1227 vel
1541 1191 1689 1227 domino

516 1251 602 1287 illud
631 1251 727 1296 quod
756 1254 923 1287 remanet
949 1256 985 1288 et
1012 1251 1156 1287 levatur
1182 1251 1227 1286 de
1252 1261 1379 1286 mensa
1398 1255 1452 1287 est
1470 1251 1518 1287 ita
1537 1252 1688 1296 bonum,

517 1311 609 1347 sicut
636 1311 722 1346 illud
750 1311 847 1356 quod
874 1316 1078 1347 comestum
1101 1314 1166 1356 est,
1189 1311 1275 1356 quia
1301 1314 1353 1346 est
1380 1311 1425 1346 de
1452 1311 1582 1347 eadem
1601 1311 1689 1346 sub-

516 1371 657 1416 stantia,
678 1371 726 1406 ita
753 1376 806 1408 est
828 1371 872 1407 de
891 1371 1069 1417 sanguine
1087 1371 1170 1406 dato
1190 1371 1309 1416 cordi,
1328 1371 1413 1417 quia
1428 1365 1462 1415 (4)
1484 1371 1571 1406 illud
1590 1371 1688 1416 quod

516 1435 627 1467 restat
654 1432 747 1467 sacta
775 1431 954 1467 eibatione
973 1435 1007 1467 et
1026 1431 1278 1467 distributione
1297 1435 1351 1467 est
1369 1431 1417 1467 ita
1436 1431 1575 1467 bonum
1594 1431 1688 1467 sicut

516 1491 602 1526 illud
630 1491 726 1536 quod
754 1491 883 1526 transit
909 1491 944 1525 in
971 1491 1198 1526 alimentum.
1227 1491 1300 1536 Ille,
1333 1491 1495 1537 inquam,
1529 1491 1688 1538 sanguis,

512 1553 645 1596 prende
671 1553 727 1586 nel
750 1562 867 1594 onore,
896 1551 996 1594 idest,
1025 1550 1180 1595 acquirit
1212 1550 1247 1585 in
1278 1551 1399 1596 eorde,
1428 1552 1549 1586 virtute
1574 1553 1689 1596 infor—

515 1612 668 1655 mata-a,
700 1621 784 1645 nam
817 1620 881 1645 eor
913 1620 985 1646 non
1020 1610 1139 1645 solum
1174 1610 1280 1645 babet
1316 1610 1493 1646 rationem
1526 1609 1687 1656 principii

516 1674 682 1716 respectu
711 1670 823 1716 epatis
851 1674 887 1706 et
913 1670 1066 1714 cerebri,
1094 1669 1156 1705 sed
1188 1669 1298 1705 etiam
1327 1673 1494 1715 respectu
1521 1670 1688 1705 omnium

515 1730 782 1774 membrorum,
810 1730 868 1764 eui
897 1729 1077 1765 subservit
1104 1729 1261 1775 spiritus,
1285 1729 1347 1774 qui
1374 1729 1449 1765 exit
1474 1740 1560 1765 cum
1588 1739 1690 1775 sper-

514 1794 613 1825 mate
641 1790 763 1835 maris,
792 1790 824 1824 in
854 1800 927 1835 quo
961 1794 1014 1826 est
1046 1790 1161 1825 virtus
1194 1790 1449 1835 informativa;
1478 1790 1558 1826 ideo
1584 1790 1687 1826 dicit:

516 1861 538 1885 α
565 1854 644 1885 mlle
670 1851 822 1885 membra
849 1861 988 1894 immane,
1010 1850 1154 1895 scilicet,
1179 1850 1379 1895 formanda,
1400 1850 1485 1895 quia
1512 1850 1548 1885 in
1575 1850 1687 1886 corde

515 1911 609 1956 capit
637 1910 833 1956 potentiam
867 1910 1045 1945 formandi
1079 1910 1201 1945 omnia
1236 1910 1414 1954 membra,
1442 1921 1537 1945 come
1562 1911 1687 1955 quello,

516 1970 659 2015 seilicet,
686 1970 845 2016 sanguis,
872 1971 930 2005 elce
960 1981 1059 2013 vane,
1091 1970 1190 2015 idest,
1219 1970 1326 2015 vadit,
1354 1974 1390 2005 et
1417 1970 1597 2015 discurrit,
1619 1982 1688 2016 per

516 2032 545 2064 le
574 2040 653 2064 vene
680 2041 701 2064 (ι
726 2032 820 2075 farsi
845 2032 963 2075 quelle,
995 2030 1096 2075 idest,
1116 2034 1156 2065 ut
1184 2030 1271 2065 fiant
1296 2030 1356 2066 illa
1384 2030 1561 2066 membra.
1586 2030 1686 2066 Unde

514 2093 677 2134 apparet,
692 2090 789 2134 quod
808 2101 954 2136 sperma
976 2089 1218 2136 potentialiter
1237 2092 1291 2125 est
1310 2090 1432 2135 bomo,
1449 2090 1539 2126 idest
1561 2094 1686 2136 aptum

516 2152 642 2184 natum
672 2149 747 2184 [ieri
776 2150 897 2195 bomo,
932 2151 1024 2186 sicut
1055 2161 1166 2186 ovum
1199 2150 1235 2185 in
1270 2150 1430 2196 potentia
1462 2154 1516 2186 est
1542 2151 1686 2197 gallina.

515 2209 667 2254 Sperma
703 2209 812 2255 igitur
844 2210 1048 2246 radicaliter
1080 2214 1132 2246 est
1165 2210 1201 2245 in
1233 2210 1353 2256 corde,
1389 2210 1451 2246 sed
1487 2210 1688 2247 formaliter

597 2302 604 2331 )
621 2302 650 2324 E.
668 2302 693 2325 in
711 2303 826 2326 matrice,
954 2303 982 2333 ιζ’)
1000 2305 1050 2331 117,
1075 2304 1137 2326 bene
1156 2307 1252 2328 coctus.

577 2301 594 2329 (Ι

579 2339 604 2368 (⁸)
622 2339 650 2363 E.
669 2342 859 2370 generationem
877 2345 1009 2370 servatum
1028 2342 1098 2372 quasi
1117 2342 1196 2365 dicat:
1214 2346 1260 2366 est.
1388 2343 1414 2372 κζ’)
1431 2343 1460 2366 Ε.
1478 2345 1502 2366 et
1520 2343 1586 2373 quia.
