1737 2836
465 237 604 263 cnrcs
630 238 823 264 SECUNDUS.
1161 233 1231 265 357

55 312 150 345 tem:
179 308 455 344 firmamentum
481 313 534 345 est
556 309 648 345 sicut
668 309 825 345 vicarius
843 310 1023 356 generalis
1051 310 1086 345 in
1115 321 1229 357 regno

55 369 115 415 qui
135 369 315 404 distribuit
343 374 377 405 et
404 370 544 405 confert
563 369 706 405 diversa
726 370 844 405 officia
866 370 1017 406 diversis
1038 371 1231 418 magistra-

55 429 169 474 tibus;
190 439 305 474 sperae
327 429 554 476 planetarum
583 433 668 464 sunt
694 429 825 465 diversi
853 430 1040 477 officiales,
1060 431 1145 476 quia
1164 431 1230 467 Sa—

55 493 186 524 turnus
213 489 366 535 disponit
392 489 549 534 consilia,
578 490 671 525 Mars
706 490 810 525 bella.
839 490 929 525 Dicit
957 501 1065 538 ergo:
1096 494 1143 526 Lo
1169 493 1233 527 ciel

53 553 223 593 sequente,
250 549 351 595 idest,
381 549 653 585 firmamentum
681 549 892 586 immediate
923 551 1134 597 proximum
1169 552 1229 597 illi,

55 610 141 643 c’lza
170 613 260 644 tante
288 611 417 653 cellule,
444 609 543 655 idest,
572 613 646 645 tam
674 609 836 646 diversas
863 611 983 646 stellas
1018 611 1118 657 fixas,
1147 622 1230 657 quae

53 669 139 705 dant
165 670 266 704 nobis
295 670 455 705 diversas
482 669 697 715 influentias,
715 675 831 715 parte,
855 671 956 717 idest,
976 671 1111 716 dividit,
1135 673 1230 716 quel-

55 731 75 765 l'
90 741 183 765 esser
196 741 264 775 per
281 731 417 765 clii-erse
435 741 586 774 essenze,
602 730 702 776 idest,
717 741 782 776 per
801 741 924 777 speras
943 731 1172 777 planetarum
1194 736 1229 768 et

54 800 118 836 per
145 790 265 825 stellas
293 800 377 825 suas
405 794 592 836 tamquam
620 800 685 836 per
721 791 863 827 diversa
898 792 1076 837 membra,
1107 793 1155 827 da
1182 794 1230 828 lut

51 850 186 885 distincte
211 860 228 884 e
249 851 296 885 cla
316 851 362 884 [ια’
380 854 567 894 contemne,
590 853 630 885 ut
648 850 784 886 dictum
805 853 868 886 est.
890 851 931 885 Et
951 851 1007 887 hic
1027 855 1111 887 nota
1130 852 1228 897 quod

51 910 260 946 Aristoteles
288 910 407 956 posuit
426 914 566 945 tantum
587 914 668 946 octo
690 911 812 956 coelos,
832 911 965 946 scilicet
989 915 1126 957 septem
1148 922 1228 957 spe-

53 980 111 1005 ras
138 970 367 1015 planetarum
389 974 423 1005 et
442 974 613 1005 octavum
635 969 930 1015 firmamentum,
951 974 985 1006 et
1004 971 1087 1006 dicit
1110 971 1227 1017 primo

51 1030 145 1074 coeli,
168 1029 265 1075 quod
292 1030 432 1075 primus
459 1030 556 1065 orbis
584 1033 636 1065 est
663 1030 879 1076 principium
909 1035 945 1066 et
971 1041 1082 1066 causa
1109 1031 1227 1066 omnis

52 1089 144 1125 vitae.
161 1110 209 1114 —
227 1091 281 1124 Gli
298 1091 389 1124 altri.
410 1090 473 1125 Hic
497 1090 639 1125 Beatrix
664 1090 834 1126 describit
852 1094 990 1137 septem
1011 1092 1118 1127 orbes
1138 1102 1226 1127 con-

52 1153 169 1185 tentos
188 1150 256 1185 sub
275 1150 334 1185 illo
353 1154 494 1195 octavo,
510 1150 648 1186 dicens:
673 1152 727 1185 Gla·
744 1152 827 1186 altre?
843 1153 974 1195 92'r012i,
990 1152 1090 1197 idest,
1107 1163 1223 1199 sperae

51 1209 277 1255 planetarum
308 1220 398 1256 quas
425 1210 580 1256 appellat
607 1221 776 1257 gyrones,
796 1211 881 1256 quia
907 1212 1136 1247 circulariter
1157 1223 1224 1259 gy-

52 1274 190 1315 rantur,
222 1271 453 1314 disponyono,
490 1270 591 1315 idest,
631 1270 835 1316 disponunt,
876 1273 905 1306 le
940 1273 1127 1307 distinzz'on
1167 1273 1226 1307 che

49 1331 167 1365 Ιῑαηηο
193 1332 316 1366 dentre
343 1332 389 1365 cla
415 1329 462 1375 se',
493 1330 594 1375 idest,
622 1330 782 1366 diversas
809 1331 1048 1377 proprietates
1080 1342 1224 1378 eorum,

49 1391 133 1437 quia
162 1392 340 1427 Saturnus
368 1395 421 1427 est
450 1391 599 1438 frigidus
627 1395 661 1427 et
689 1392 817 1437 siccus,
837 1393 1000 1438 Juppiter
1024 1393 1161 1429 calidus
1189 1398 1223 1430 et

49 1452 220 1487 humidus
247 1455 282 1487 et
309 1452 356 1487 ita
384 1452 428 1487 de
455 1452 543 1497 aliis,
571 1462 593 1486 α
620 1453 675 1486 lor
697 1454 762 1497 fimf
792 1463 809 1487 e
840 1454 895 1487 lor
927 1464 1094 1497 semeiae,
1122 1454 1223 1500 idest⁷

48 1512 93 1547 ad
121 1515 262 1547 certum
293 1511 400 1547 finem
430 1515 465 1547 et
492 1515 628 1547 certam
658 1512 925 1558 operationem3
955 1524 1038 1548 nam
1069 1514 1224 1559 planetae

48 1572 227 1607 seminant
254 1571 309 1606 bic
338 1572 486 1607 inferius
514 1572 633 1607 varios
661 1572 800 1607 fructus
824 1583 969 1619 semper
996 1577 1032 1609 et
1059 1573 1222 1620 effeetus,

41 1642 109 1676 per
130 1633 225 1667 varie
242 1633 442 1676 differem&
458 1632 558 1677 idest,
578 1632 788 1668 differenter
807 1636 843 1668 et
861 1632 1121 1678 diversimode,
1142 1633 1222 1669 ideo

47 1691 186 1726 subdit:
206 1693 312 1735 questi
337 1693 467 1736 orgyam'
492 1693 548 1726 del
572 1693 712 1736 mondo,
733 1692 833 1738 idest,
853 1703 969 1739 sperae
991 1693 1222 1738 planetarum

48 1755 236 1797 tamquam
266 1751 444 1787 naturalia
472 1751 715 1788 instrumenta
741 1763 894 1788 suorum
923 1757 1121 1799 motorum,
1153 1750 1221 1788 cosi

47 1822 179 1855 vanno,
206 1822 300 1846 come
327 1816 360 1846 ιιι
387 1813 463 1846 vecla·
489 1813 595 1856 omcu',
616 1813 653 1846 di
669 1813 786 1856 grado
804 1814 839 1847 in
858 1814 988 1857 qradO,
1016 1813 1221 1848 secundum

46 1871 211 1907 ordinem
239 1871 523 1917 astrologorum,
543 1881 653 1916 quem
686 1876 794 1907 autor
825 1873 1009 1918 sequitur:
1038 1873 1139 1908 Plato
1166 1876 1221 1908 ta-

48 1942 132 1967 men
159 1935 194 1967 et
216 1931 425 1966 Aristoteles
445 1935 645 1976 posuerunt
664 1932 776 1967 solem
798 1932 1008 1968 immediate
1030 1943 1141 1978 supra
1163 1933 1220 1967 lu-

46 2001 144 2035 nam,
163 1992 222 2025 che
242 1992 428 2035 prendono
449 1992 486 2025 cli
502 2001 554 2034 su,
577 1990 724 2036 scilicet,
746 2002 767 2026 a
788 2002 881 2027 nona
901 2001 1018 2037 spera,
1039 1991 1221 2027 mediante

45 2055 187 2096 octava,
213 2062 231 2086 e
253 2054 365 2097 fanno
391 2052 428 2086 cli
451 2054 552 2094 sollo,
581 2050 681 2095 idest,
709 2055 910 2097 operantur
937 2051 972 2086 in
1001 2051 1138 2087 mundo
1166 2051 1220 2087 in-

47 2111 212 2147 ssuentias
234 2121 318 2146 suas
338 2111 372 2146 in
396 2111 469 2146 istis
490 2110 749 2146 alte-rabilibus.
765 2131 813 2136 —
827 2112 1021 2155 Riffltarda.
1042 2111 1105 2146 Hic
1128 2111 1220 2147 Bea-

47 2171 117 2206 trix
146 2174 318 2216 praetacto
344 2170 471 2206 ordine
498 2180 702 2216 sperarum,
725 2170 895 2206 describit
923 2171 1086 2206 ordinem
1116 2171 1219 2207 intel-

47 2230 290 2277 ligentiarum,
319 2231 403 2276 quia
432 2233 520 2276 quot
542 2233 626 2265 sunt
645 2230 900 2277 intelligentiae,
922 2234 973 2265 tot
992 2234 1075 2265 sunt
1098 2231 1215 2267 orbes.

48 2291 90 2325 Et
117 2291 232 2336 primo
261 2291 375 2326 reddit
400 2290 604 2326 auditorem
638 2293 817 2327 attentum
850 2291 895 2327 ad
922 2291 1083 2338 dicenda,
1115 2302 1217 2328 com-
