1737 2836
1166 240 1231 271 159

66 454 230 486 CANTL‘S
256 454 485 486 YIGESIMUS
511 454 714 493 OCTAVUS,
740 456 774 486 ‘in
798 466 856 495 quo
880 458 995 487 tractat
1019 456 1097 487 sicut
1121 456 1235 495 absque

142 509 275 550 Veh-ylla)
299 511 430 541 intrarit
453 510 580 550 sylvam,
603 510 655 541 nbi
672 510 751 542 vidit
771 511 852 541 altra
873 511 989 548 flumen.
1008 511 1103 542 Lethe
1126 522 1233 550 quam·

141 566 213 597 dum
239 566 392 597 dominam
419 569 565 597 tenentem
591 566 694 604 flores,
721 576 789 605 quse
817 566 899 596 dii-st
923 566 1018 597 multu
1043 567 1080 598 de
1105 568 1234 598 crimine

141 622 222 652 Ado?
247 622 348 661 primi
371 622 488 661 patris,
519 624 547 652 et
580 621 617 652 (Ie
648 621 734 652 modo
764 621 852 652 illius
882 621 1032 658 fluminis,
1058 624 1086 651 et
1111 622 1148 652 dc
1172 625 1233 653 toto

141 677 228 707 modo
246 677 398 716 paradisi
422 677 589 707 terrestris.

142 803 277 889 Koa
298 849 356 898 9ίά
384 855 420 889 <li
445 865 568 889 cerem·
594 856 716 890 clenlro
743 866 760 889 e
785 856 960 889 cle‘nlorno.
982 856 1177 900 Postquam
1199 856 1234 891 in

65 915 282 961 praecedenti
310 915 466 960 capitulo
490 918 594 960 pocta
614 919 736 950 noster
759 915 925 950 tractavit
952 918 987 950 et
1013 915 1235 952 determina-

64 975 111 1010 vit
140 975 296 1020 qualiter
322 975 555 1020 pervenerint
573 971 607 1018 U>
636 975 680 1010 ad
713 975 852 1020 apicem
888 975 1018 1010 montis
1046 975 1106 1010 ubi
1134 976 1231 1021 ponit

62 1034 270 1080 paradisum
298 1033 524 1078 deliciarum,
554 1044 650 1069 nunc
677 1037 945 1079 consequenter
976 1034 1011 1069 in
1042 1035 1109 1070 isto
1136 1035 1234 1080 capi—

67 1094 141 1129 tulo
166 1093 306 1128 XXVIII
333 1093 500 1128 describit
529 1093 646 1138 ipsum
674 1093 894 1139 paradisum.
919 1094 961 1128 Et
988 1104 1146 1140 praesens
1173 1104 1235 1129 ca-

62 1153 218 1199 pitulum
252 1156 367 1199 potest
385 1149 420 1197 ff)
449 1153 555 1188 dividi
590 1153 626 1188 in
660 1158 820 1198 quatuor
855 1158 975 1199 partes
1010 1154 1234 1200 principales.

64 1213 102 1247 ln
129 1213 246 1258 prima
274 1223 433 1258 quarum
469 1213 637 1248 describit
669 1213 786 1258 ipsum
819 1214 940 1248 locum
974 1217 1152 1258 quantum
1189 1213 1233 1249 ad

63 1273 263 1308 viredinem
292 1273 491 1308 herbarum
520 1277 555 1308 et
581 1273 770 1317 arborum,
790 1276 825 1308 et
852 1276 1002 1308 ventum
1031 1276 1065 1309 et
1091 1284 1177 1309 aves
1200 1277 1236 1309 et

62 1343 210 1378 aquam.
240 1334 278 1368 In
305 1333 463 1368 secunda
491 1333 658 1368 describit
691 1344 803 1368 unam
838 1333 1013 1368 illustrem
1048 1333 1233 1369 dominam

64 1403 174 1437 quam
204 1393 349 1438 reperit,
378 1392 443 1427 ibi:
475 1394 531 1427 Co'
545 1391 604 1437 pie*
628 1394 757 1427 rislelli.
786 1393 824 1427 In
850 1393 955 1428 tertia
984 1397 1106 1428 movet
1133 1404 1235 1439 quae-

64 1452 217 1487 stionem
247 1452 293 1487 illi
320 1452 476 1487 dominae
503 1452 547 1487 de
574 1463 670 1498 aqua
697 1456 733 1488 et
760 1456 880 1497 vento,
909 1462 991 1497 quae
1028 1453 1145 1498 primo
1178 1463 1235 1488 re—

65 1512 216 1557 spondet
234 1512 299 1547 sibi
318 1512 362 1547 de
385 1515 493 1547 vento
513 1512 665 1547 faciente
684 1512 822 1558 sylvam
838 1522 981 1556 sonare,
997 1512 1063 1546 ibi:
1081 1514 1236 1556 L'cchua

64 1573 201 1606 diss’z'o.
236 1573 272 1607 ln
304 1576 434 1617 quarta
462 1575 496 1608 et
525 1572 649 1607 ultima
678 1572 770 1607 dicta
798 1572 944 1607 domina
972 1572 1164 1617 respondet
1192 1572 1237 1607 de

63 1642 159 1676 aqua
188 1632 362 1679 irrigante
390 1633 435 1667 ibi
464 1636 613 1677 terram,
633 1636 669 1667 et
695 1631 791 1667 addit
819 1642 991 1678 magnam
1011 1632 1234 1668 nobilitatem

64 1691 172 1726 buius
190 1691 269 1737 loci,
289 1692 356 1727 ibi:
377 1693 530 1736 L'acqna
557 1693 614 1727 che
635 1693 718 1726 eecli.
738 1691 790 1726 Ad
809 1691 968 1737 primum
989 1692 1138 1727 veniens
1156 1691 1235 1727 dico

64 1751 161 1796 quod
188 1754 294 1797 poeta
322 1755 444 1787 noster
470 1752 639 1787 describit
666 1752 812 1787 hortum
832 1747 867 1795 (3)
896 1751 1110 1787 deliciarum
1140 1751 1235 1786 mul-

65 1810 249 1855 tipliciter3
277 1811 339 1846 sed
365 1815 562 1856 antequam
592 1811 735 1846 veniam
763 1811 808 1846 ad
836 1811 989 1856 literam,
1009 1812 1092 1847 volo
1116 1811 1235 1857 primo

66 1873 101 1905 te
135 1874 272 1915 notare,
301 1870 397 1915 quod
429 1874 545 1905 totum
574 1871 667 1905 istud
701 1871 900 1916 capitulum
936 1874 989 1906 est
1020 1871 1174 1916 figurale
1201 1874 1236 1906 et

65 1930 315 1976 allegoricum⁷
334 1930 437 1965 aliter
459 1940 525 1975 pro
548 1940 679 1975 magna
699 1933 801 1975 parte
820 1933 914 1965 esset
933 1940 1069 1965 vanum
1089 1933 1151 1965 aut
1171 1930 1236 1964 sal—

65 2000 158 2025 sum.
187 1990 256 2025 Per
284 1990 391 2024 istum
420 2000 509 2035 ergo
537 1990 683 2024 hortum
712 1993 785 2024 tam
815 1990 996 2034 floridum,
1017 1992 1090 2025 tam
1117 2000 1236 2025 amoe—

65 2060 154 2084 num
191 2052 296 2095 poeta
337 2049 501 2095 proponit
541 2049 642 2084 nobis
682 2049 884 2095 figuraliter
920 2053 1054 2084 statum
1095 2050 1235 2085 felicem

64 2109 219 2144 hominis
246 2109 348 2155 positi
376 2109 411 2144 in
439 2109 658 2155 perfectione
685 2109 838 2154 vlrtutis7
862 2113 1041 2154 quantum
1069 2110 1236 2155 possibile

66 2172 120 2204 est
148 2169 182 2203 in
208 2170 276 2204 bac
303 2169 374 2204 vita
403 2169 576 2204 miserIae:
600 2168 680 2204 ideo
707 2169 800 2205 bene
827 2169 924 2215 ponit
950 2169 1067 2215 ipsum
1095 2169 1130 2204 in
1157 2170 1236 2205 loco

128 2261 153 2290 (Ἢ
172 2261 200 2283 E.
219 2262 371 2290 pervenerit.
628 2260 654 2291 (²)
672 2262 696 2285 S.
715 2262 836 2286 dividitur
854 2263 879 2285 in
896 2265 1017 2292 quatuor.

127 2298 154 2327 (Β)
174 2301 225 2327 117,
244 2299 389 2329 paradisum
407 2299 566 2323 deliciarum.
