1766 2856
508 252 578 282 276
868 257 1071 282 COMENTUM
1098 256 1317 282 PURGATORII

506 330 634 374 Adam,
663 330 823 365 secundo
855 330 902 365 ab
935 330 1068 375 aquila.
1104 330 1145 365 Et
1177 330 1234 366 hic
1268 333 1353 365 nota
1385 331 1482 376 quod
1515 342 1579 377 per
1614 331 1683 367 hoc

507 390 650 425 Beatrix
686 400 759 425 non
790 390 867 424 vult
899 390 997 425 aliud
1029 390 1150 426 dicere
1183 390 1267 426 nisi:
1296 390 1442 436 quando
1479 395 1516 426 tu
1548 392 1682 427 Dantes

506 450 670 485 narrabis
698 450 905 485 hominibus
932 450 1127 486 vindictam
1156 462 1267 496 quam
1300 451 1397 486 Deus
1431 455 1533 497 parat
1560 452 1682 488 facere

506 514 631 546 contra
659 511 761 546 illuni
789 511 974 557 gigantem
1003 511 1065 556 qui
1095 515 1234 547 temere
1255 512 1445 547 attentavit
1465 512 1602 548 violare
1620 522 1683 548 ec-

505 571 652 606 clesiam
680 571 754 615 Dei,
778 571 944 607 narrabis
972 582 1037 617 pro
1060 572 1197 618 optimo
1220 572 1388 617 exemplo
1409 572 1566 618 qualiter
1585 573 1681 608 Deus

505 631 587 667 fecit
601 632 711 666 altam
724 628 758 675 4¹>
774 631 967 667 vindictam
988 632 1033 667 de
1052 632 1170 677 primo
1189 635 1340 677 parente
1359 632 1420 677 qui
1442 636 1582 668 temere
1602 636 1681 668 ten-

504 691 593 726 tavit
628 692 783 737 spoliare
814 692 986 728 arborem
1023 692 1204 736 divinam3
1231 702 1314 737 quae
1349 702 1438 739 ergo
1473 693 1565 728 sacta
1601 696 1681 729 erat

503 751 603 786 arida
630 762 694 797 per
721 752 847 796 Adam,
876 752 968 787 facta
998 756 1077 788 erat
1103 752 1228 787 florida
1256 762 1320 798 per
1347 752 1541 797 Christum,
1568 755 1604 788 et
1631 753 1678 788 ita

503 811 571 846 erit
598 811 667 846 cito
694 812 739 847 de
766 812 927 847 ecclesia.
956 812 1058 854 Quod
1077 816 1202 848 autem
1226 813 1303 848 haec
1325 812 1369 847 sit
1391 812 1541 848 intentio
1561 815 1677 858 poetae

502 872 662 907 declarat
691 872 811 907 statIm
840 872 944 907 lItera
972 883 1140 918 sequens,
1170 873 1205 907 in
1232 883 1304 918 qua
1330 872 1476 908 Beatrix
1503 872 1563 908 dat
1590 882 1679 908 con—

502 932 703 967 clusionem
740 933 963 978 generalem,
1000 932 1134 978 (licens,
1163 933 1259 978 quod
1295 943 1366 968 non
1400 933 1518 968 solum
1551 932 1678 977 Adam,

501 993 563 1028 sed
590 992 708 1028 omnis
735 993 828 1028 alius
856 993 1009 1028 violator
1040 993 1182 1028 arboris
1214 993 1367 1029 incurrit
1394 993 1676 1039 indignationem

501 1054 588 1098 Dei3
622 1053 719 1088 unde
754 1053 860 1088 dicit:
895 1054 1089 1098 qualemque
1122 1053 1210 1087 ruba
1239 1054 1363 1097 quella,
1395 1053 1540 1097 scilicet,
1575 1053 1678 1099 plan—

502 1119 587 1159 tam,
627 1114 719 1149 sicut
758 1113 870 1148 Adam
911 1114 1039 1159 primo,
1071 1114 1192 1159 aquila
1231 1113 1402 1157 secundo,
1445 1113 1547 1160 gigas
1579 1123 1677 1148 nunc

501 1175 618 1219 tertio,
646 1185 666 1209 o
694 1175 805 1218 quella
831 1175 1000 1217 sclzianla,
1028 1174 1120 1209 sicut
1137 1173 1237 1220 gigas
1257 1173 1318 1218 qui
1341 1173 1445 1208 solvit
1473 1183 1625 1208 currum
1654 1183 1676 1208 a

500 1236 632 1281 planta,
669 1244 731 1269 con
770 1234 963 1268 bestemtm'a
1001 1235 1037 1269 ‹lz‘
1072 1236 1160 1279 salto
1196 1234 1330 1278 offemle
1364 1235 1454 1277 Πίος
1490 1243 1573 1267 nam
1612 1232 1675 1277 qui

500 1295 648 1331 offendit
675 1294 864 1330 ecclesiam
893 1294 1041 1330 offendit
1074 1294 1203 1339 Deum,
1238 1295 1295 1329 clze
1325 1295 1399 1328 solo
1433 1295 1567 1328 all’uso
1598 1304 1676 1337 suo,

502 1366 573 1391 non
602 1359 639 1390 ut
668 1355 821 1391 serviret
850 1355 997 1401 regibus
1025 1357 1145 1399 terrae,
1166 1356 1199 1389 la
1226 1349 1306 1388 creo
1327 1357 1443 1398 scmta,
1466 1353 1542 1388 sine
1569 1363 1671 1399 ruga.

499 1416 574 1451 Hoc
600 1415 793 1451 confirmat
820 1414 904 1460 quia
933 1414 1073 1460 primus
1098 1413 1258 1449 offensor
1276 1424 1341 1459 per
1361 1417 1411 1448 tot
1432 1413 1540 1449 millia
1559 1423 1675 1449 anno-

501 1487 582 1511 rum
611 1475 816 1521 expectavit
843 1474 877 1510 in
905 1475 1088 1510 anxietate
1121 1474 1390 1520 redemptorem
1420 1484 1550 1518 suum;
1579 1473 1676 1509 unde

498 1536 604 1571 dicit:
633 1537 787 1570 l'am’ma
810 1536 943 1579 prima,
976 1535 1121 1579 scilicet,
1158 1534 1252 1579 Adae,
1281 1530 1404 1568 ὂναηῑὸ
1437 1535 1537 1577 colui,
1571 1533 1673 1578 idest,

498 1595 634 1641 optavit
653 1598 688 1630 et
708 1594 850 1629 vocavit
868 1593 1063 1637 Christum,
1083 1595 1142 1628 esee
1158 1595 1180 1628 'l
1196 1604 1314 1628 morso
1333 1595 1367 1628 in
1386 1605 1422 1628 se
1435 1590 1556 1638 paulo,
1588 1593 1673 1638 quia

498 1656 661 1691 Christus
677 1654 815 1699 punivit
832 1664 995 1689 morsum
1012 1654 1096 1688 Adae
1112 1654 1146 1688 in
1161 1649 1195 1697 3)
1213 1664 1251 1688 se
1268 1654 1354 1699 ipso,
1370 1655 1573 1697 cc'nqnemila
1589 1655 1676 1688 anni

497 1727 514 1749 e
533 1713 605 1759 piel,
628 1714 771 1758 scilicet,
792 1717 940 1749 centum
969 1713 1164 1759 nonaginta
1185 1723 1315 1748 novem
1337 1713 1428 1758 plus,
1446 1724 1511 1757 per
1529 1714 1674 1747 morzler

497 1776 622 1819 quella,
650 1774 750 1819 idest,
774 1774 858 1819 quia
887 1773 961 1819 ipse
989 1774 1102 1808 Adam
1133 1773 1327 1808 momordit
1355 1773 1467 1818 ipsam
1495 1773 1671 1818 plantam.

570 1837 712 1869 Dorme.
742 1835 809 1869 Ista
838 1837 890 1869 est
918 1833 1023 1869 tertia
1053 1844 1135 1878 pars
1162 1833 1354 1879 generalis,
1374 1832 1409 1867 in
1430 1842 1502 1878 qua
1525 1832 1671 1868 Beatrix

497 1896 581 1942 quia
610 1896 777 1930 noluerat
809 1894 997 1930 declarare
1030 1897 1145 1939 poctae
1180 1893 1338 1939 amplius
1373 1904 1478 1928 suam
1514 1893 1672 1938 prophe-

497 1956 596 2000 tiam,
625 1966 721 1991 nunc
747 1955 907 1990 declarat
935 1953 1104 1999 quaedam
1132 1953 1225 1989 dicta
1254 1953 1298 1989 de
1324 1953 1458 1989 arbore
1485 1952 1560 1998 ipsa
1587 1962 1670 1998 quae

497 2017 713 2052 videbantur
740 2015 914 2050 obscura:
943 2018 978 2050 et
1006 2013 1124 2060 primo
1151 2013 1273 2060 arguit
1295 2013 1412 2058 ipsum
1441 2012 1486 2048 de
1514 2011 1671 2047 ruditate

496 2080 530 2112 et
559 2076 788 2122 negligentia,
809 2075 894 2120 quia
923 2085 994 2109 non
1023 2073 1214 2109 videbatur
1233 2072 1433 2118 intelligere
1457 2082 1520 2117 per
1547 2081 1596 2115 se,
1625 2081 1669 2107 ex

496 2137 536 2171 iis
564 2147 646 2181 quae
673 2136 766 2170 «licta
794 2138 889 2180 sunt,
917 2145 1033 2180 quare
1061 2134 1171 2169 arbor
1199 2133 1264 2168 ista
1289 2133 1333 2168 sit
1360 2136 1433 2167 tam
1461 2132 1533 2167 alta
1561 2135 1596 2167 et
1622 2131 1671 2166 ita

496 2206 634 2232 eversa.
664 2195 753 2230 Dicit
774 2206 882 2241 ergo:
910 2196 943 2228 L'
959 2193 1107 2237 inffegyno
1130 2198 1199 2238 luo,
1222 2193 1318 2238 quod
1342 2191 1537 2238 aliquando
1561 2201 1671 2227 voca-

558 2326 584 2354 (¹)
602 2324 629 2347 li.
648 2324 723 2347 aliam
742 2324 886 2347 xindictarn.
1108 2324 1132 2350 (²)
1152 2323 1180 2346 E.
1198 2323 1223 2346 in
1242 2323 1384 2353 semetipso.
