1737 2836
347 228 485 254 CANTUS
510 228 722 253 TR1GESIMES
749 227 941 253 SECUNDUS.
1160 221 1229 251 255

61 302 183 346 arbor,
213 304 252 336 ut
278 300 496 346 praedicitur,
523 310 638 333 ηιιοτα
661 300 792 334 sederse'
818 300 851 333 e'n
879 310 917 333 su
944 299 979 333 la
1004 307 1069 332 sua
1095 299 1226 342 radice,

62 361 148 407 quia
174 360 321 395 fundata
349 363 402 395 est
429 369 538 404 super
575 359 732 394 radicem
768 358 845 394 talis
878 358 1019 393 arboris
1046 357 1095 392 sic
1123 366 1231 392 reno-

62 424 166 465 vatae,
194 423 228 455 et
257 419 434 454 ministrat
461 419 655 453 humorem
683 418 748 452 sibi
774 418 819 453 de
847 428 920 463 quo
940 417 1036 452 vivit.
1057 417 1097 451 Et
1116 416 1229 451 addit:

63 481 139 515 ved&
165 481 199 514 la
225 480 447 524 compaynia,
475 478 619 522 scilicet,
640 481 781 522 partem
810 487 893 522 quae
913 477 1097 521 remansit,
1117 478 1175 511 che
1197 478 1232 511 la

61 541 241 583 circorum,
274 539 416 583 scilicet,
445 541 583 582 septem
620 537 770 572 virtutes
801 540 837 571 et
870 540 1008 581 septem
1041 536 1147 580 dona,
1183 535 1231 570 ita

62 600 159 645 quod
194 600 259 635 ista
290 599 432 634 excelsa
466 597 612 632 domina
648 596 778 632 melius
811 599 927 641 potest
962 596 1084 630 dicere
1119 606 1229 640 quam

62 658 176 693 Juno:
204 661 289 693 Sunt
323 659 403 692 milit
437 657 486 690 bis
520 659 645 700 septem
669 656 852 699 prceslancess
877 664 1025 698 corpore
1051 655 1232 698 nymphae.-

62 719 111 762 9ῖὶ
135 719 230 762 altra,
262 718 361 761 idest,
391 716 531 761 reliqua
558 726 640 761 pars
669 715 813 759 militiae,
840 725 900 749 sen
928 724 1043 748 vanno
1069 724 1163 757 suso,
1186 714 1232 748 ad

62 777 211 822 coelum,
234 778 326 821 dopo
342 778 365 811 ’l
388 778 551 820 yre‘ffone,
580 775 724 819 scilicet,
751 774 946 818 Christum,
967 784 1031 808 con
1048 772 1109 818 pile
1136 775 1231 808 dolce

62 846 199 871 canzon
218 848 235 871 e
250 834 309 880 ρι’ἰι
331 836 525 880 profonda,
545 845 655 879 quam
680 838 773 869 esset
793 834 911 869 cantio
939 833 1228 877 remanentiu1n3

63 900 98 931 et
126 896 256 931 merito
284 896 368 940 quia
395 906 480 931 cum
504 895 645 930 Christo
666 893 882 929 recedebant
902 894 1099 938 prophetae,
1120 903 1232 928 evan—

63 956 199 1002 gelistae
226 960 261 991 et
288 956 574 991 doctores—E
596 965 641 988 se.
670 954 733 988 Hic
760 956 864 998 poeta
896 953 1050 988 ostendit
1077 953 1233 998 qualiter

65 1016 212 1051 redierit
238 1026 323 1050 cum
351 1014 464 1050 oculis
490 1017 525 1049 et
551 1013 674 1048 animo
700 1013 745 1047 ad
773 1012 986 1056 Beatricem,
1014 1016 1048 1047 et
1077 1013 1233 1057 qualiter

64 1074 191 1110 viderit
218 1084 311 1109 eam.
340 1073 430 1108 Dicit
457 1083 545 1119 ergo
573 1072 837 1108 continuative:
862 1074 893 1106 E
914 1083 949 1105 se
972 1069 1032 1115 μιίἰ
1055 1074 1094 1116 [ιι
1120 1073 1146 1105 il
1169 1082 1232 1106 seco

60 1135 189 1178 paz-lar
216 1135 354 1178 diffuso,
382 1132 482 1176 idest,
511 1136 547 1167 et
575 1132 602 1167 si
631 1132 737 1177 plura
763 1131 851 1166 dixit
878 1131 936 1166 illa
955 1131 1140 1175 Matliildis,
1162 1141 1232 1165 non

62 1204 114 1237 so,
144 1193 229 1237 quia
263 1192 333 1227 alia
359 1192 505 1227 domina
538 1191 684 1226 maioris
715 1190 966 1236 pulcritudinis
998 1194 1033 1225 et
1064 1190 1233 1225 bonitatis

66 1253 217 1287 vocabat
234 1249 269 1296 (⁴)
298 1262 374 1297 me,
395 1251 490 1287 unde
517 1251 616 1286 dicit:
641 1249 809 1295 perocclee‘
833 1252 958 1294 quella,
977 1249 1121 1294 scilicet,
1141 1250 1233 1285 Bea-

65 1311 147 1356 trix,
175 1313 224 1346 cle’
238 1313 287 1346 ad
312 1313 403 1346 altro
429 1312 584 1345 inlencler
612 1311 654 1344 m'
669 1320 756 1344 (toea
775 1311 902 1352 clzc'uso,
921 1309 1067 1354 scilicet,
1085 1309 1131 1344 ad
1152 1319 1233 1354 spe-

64 1371 262 1407 culandum
290 1371 387 1406 aliud
413 1370 457 1405 de
486 1369 771 1414 remanentibus,
791 1369 838 1404 ita
858 1369 954 1414 quod
975 1379 1045 1403 non
1068 1373 1232 1413 poteram

64 1431 219 1476 amplius
246 1431 374 1465 audire
401 1430 445 1465 de
474 1429 735 1473 recedentibus,
763 1424 821 1472 yid
855 1430 974 1463 m’era
1007 1430 1098 1472 ‘neyli
1128 1429 1233 1471 ocelle,

65 1491 164 1534 idest,
194 1491 272 1535 Jam
310 1490 583 1535 contemplabar
624 1489 736 1534 ipsam
773 1498 856 1533 quae
892 1490 1120 1523 remanserat
1155 1488 1235 1522 loco

65 1550 204 1584 Christi.
235 1549 334 1585 Unde
361 1549 503 1584 subdit:
531 1551 607 1583 sola
634 1550 780 1591 sedeast',
809 1548 866 1582 illa
898 1547 1054 1591 Beatrix,
1084 1549 1117 1581 ῖη
1145 1548 1233 1581 sulla

65 1614 161 1644 terra
198 1620 294 1653 vera,
323 1609 383 1644 ubi
415 1612 468 1644 est
495 1609 606 1644 arbor
642 1608 799 1644 scientiae
831 1607 926 1651 boni,
960 1617 1055 1641 come
1080 1607 1233 1650 qum-dia

65 1671 209 1704 [asciam
233 1665 254 1703 li
277 1670 333 1703 del
351 1670 522 1713 plaustro,
550 1668 651 1712 idest,
671 1678 803 1702 currus
827 1667 887 1712 qui
912 1669 1140 1701 remanserat
1162 1665 1233 1700 ibi:

65 1732 100 1763 et
128 1738 215 1763 vere
242 1738 345 1763 sacra
372 1727 550 1772 scriptura
577 1730 630 1762 est
657 1727 714 1762 illa
742 1737 825 1772 quae
851 1729 930 1771 post
957 1725 1139 1761 Christum
1168 1735 1234 1760 cu-

65 1787 171 1822 stodit
190 1790 225 1822 et
243 1790 433 1822 conservat
453 1786 641 1821 ecclesiam
662 1786 697 1820 in
717 1789 826 1830 terra,
842 1786 900 1819 elce
918 1786 1017 1828 leym·
1036 1785 1116 1828 vidi,
1133 1784 1232 1829 idest,

66 1856 175 1892 quem
203 1856 357 1881 currum
384 1845 455 1880 vidi
482 1845 585 1891 ligari
612 1845 657 1880 ad
684 1845 867 1889 arborem,
893 1848 933 1879 ut
960 1855 1070 1890 supra
1092 1844 1232 1887 dicitur,

66 1907 137 1940 alla
164 1906 308 1950 biforme
331 1906 434 1948 fieret,
462 1904 562 1948 idest,
584 1904 724 1939 Christo
750 1904 908 1939 duarum
928 1904 1146 1948 formarum,
1166 1902 1235 1938 sei-

66 1965 159 2009 licet,
178 1964 309 2009 aquila:
328 1967 364 1999 et
383 1963 505 1998 leonis.
526 1963 567 1997 Et
587 1963 700 2008 tangit
724 1963 881 1998 nobilem
900 1962 1110 1998 comitivam
1132 1962 1234 1997 istius

67 2023 296 2059 nobilissimae
318 2023 486 2067 dominae,
507 2022 679 2067 quoniam
700 2025 836 2067 septem
858 2021 1016 2067 virgines
1034 2021 1234 2057 domicellae

66 2082 331 2118 ancillabantur
358 2082 438 2127 sibi,
467 2081 563 2116 unde
589 2081 691 2116 dicit:
719 2083 749 2116 le
769 2085 849 2116 selle
865 2082 973 2126 muse,
996 2081 1096 2125 idest,
1118 2081 1235 2116 virtu-

69 2146 121 2178 tes
136 2138 187 2187 (²),
214 2152 296 2187 quae
323 2145 406 2176 sunt
434 2145 620 2186 tamquam
639 2141 715 2176 deae
739 2144 911 2186 vagantes
938 2141 973 2175 in
1001 2141 1118 2185 terris,
1138 2144 1173 2176 et
1194 2141 1229 2175 in

130 2271 156 2301 (¹)
174 2272 203 2295 E.
222 2275 294 2295 vocat
311 2278 360 2295 me.
610 2271 636 2301 (¹)
655 2274 707 2300 117,
725 2274 823 2302 septem
839 2272 953 2296 virtutes.
