<?xml version="1.0" encoding="UTF-8"?>
<!DOCTYPE html PUBLIC "-//W3C//DTD XHTML 1.0 Transitional//EN"
    "http://www.w3.org/TR/xhtml1/DTD/xhtml1-transitional.dtd">
<html xmlns="http://www.w3.org/1999/xhtml" xml:lang="en" lang="en">
 <head>
  <title>
</title>
<meta http-equiv="Content-Type" content="text/html;charset=utf-8" />
  <meta name='ocr-system' content='tesseract 3.04.00' />
  <meta name='ocr-capabilities' content='ocr_page ocr_carea ocr_par ocr_line ocrx_word'/>
</head>
<body>
  <div class='ocr_page' id='page_1' title='image "./comentumsuperdan04benvuoft_0276.png"; bbox 0 0 1766 2856; ppageno 0'>
   <div class='ocr_carea' id='block_1_1' title="bbox 469 240 1282 271">
    <p class='ocr_par' dir='ltr' id='par_1_1' title="bbox 469 240 1282 271">
     <span class='ocr_line' id='line_1_1' title="bbox 469 240 1282 271; baseline -0.004 0"><span class='ocrx_word' id='word_1_1' title='bbox 469 240 538 271; x_wconf 80' lang='lat'>260</span> <span class='ocrx_word' id='word_1_2' title='bbox 829 244 1033 270; x_wconf 73' lang='lat' dir='ltr'>coMENTUM</span> <span class='ocrx_word' id='word_1_3' title='bbox 1059 243 1282 269; x_wconf 70' lang='lat' dir='ltr'>PERGATORH</span> 
     </span>
    </p>
   </div>
   <div class='ocr_carea' id='block_1_2' title="bbox 462 316 1644 2225">
    <p class='ocr_par' dir='ltr' id='par_1_2' title="bbox 462 316 1644 2225">
     <span class='ocr_line' id='line_1_2' title="bbox 468 316 1641 362; baseline -0.003 -8"><span class='ocrx_word' id='word_1_4' title='bbox 468 320 524 354; x_wconf 80' lang='lat' dir='ltr'>del</span> <span class='ocrx_word' id='word_1_5' title='bbox 547 329 668 361; x_wconf 77' lang='lat' dir='ltr'>carro,</span> <span class='ocrx_word' id='word_1_6' title='bbox 688 329 706 353; x_wconf 84' lang='lat' dir='ltr'>e</span> <span class='ocrx_word' id='word_1_7' title='bbox 724 318 854 352; x_wconf 68' lang='lat' dir='ltr'>[asc-iar</span> <span class='ocrx_word' id='word_1_8' title='bbox 881 317 923 351; x_wconf 73' lang='lat' dir='ltr'>lei</span> <span class='ocrx_word' id='word_1_9' title='bbox 948 317 984 351; x_wconf 68' lang='lat' dir='ltr'>dt</span> <span class='ocrx_word' id='word_1_10' title='bbox 1001 327 1037 351; x_wconf 84' lang='lat' dir='ltr'>se</span> <span class='ocrx_word' id='word_1_11' title='bbox 1051 320 1220 361; x_wconf 76' lang='lat' dir='ltr'>pennula,</span> <span class='ocrx_word' id='word_1_12' title='bbox 1240 316 1326 362; x_wconf 85' lang='lat' dir='ltr'>quia</span> <span class='ocrx_word' id='word_1_13' title='bbox 1352 316 1574 362; x_wconf 85' lang='lat' dir='ltr'>deplumavit</span> <span class='ocrx_word' id='word_1_14' title='bbox 1602 325 1641 351; x_wconf 88' lang='lat' dir='ltr'>se</span> 
     </span>
     <span class='ocr_line' id='line_1_3' title="bbox 468 375 1642 424; baseline -0.003 -10"><span class='ocrx_word' id='word_1_15' title='bbox 468 382 504 414; x_wconf 87' lang='lat' dir='ltr'>et</span> <span class='ocrx_word' id='word_1_16' title='bbox 530 377 791 424; x_wconf 68' lang='lat' dir='ltr'><strong>depauperavit</strong></span> <span class='ocrx_word' id='word_1_17' title='bbox 820 379 858 412; x_wconf 86' lang='lat' dir='ltr'>ut</span> <span class='ocrx_word' id='word_1_18' title='bbox 890 376 1039 412; x_wconf 78' lang='lat' dir='ltr'>vestiret</span> <span class='ocrx_word' id='word_1_19' title='bbox 1061 379 1097 411; x_wconf 86' lang='lat' dir='ltr'>et</span> <span class='ocrx_word' id='word_1_20' title='bbox 1122 375 1253 411; x_wconf 87' lang='lat' dir='ltr'>ditaret</span> <span class='ocrx_word' id='word_1_21' title='bbox 1272 376 1473 411; x_wconf 86' lang='lat' dir='ltr'>ecclesiam.</span> <span class='ocrx_word' id='word_1_22' title='bbox 1494 377 1535 411; x_wconf 88' lang='lat' dir='ltr'>Et</span> <span class='ocrx_word' id='word_1_23' title='bbox 1555 385 1642 422; x_wconf 89' lang='lat' dir='ltr'>pro-</span> 
     </span>
     <span class='ocr_line' id='line_1_4' title="bbox 467 433 1642 484; baseline -0.003 -10"><span class='ocrx_word' id='word_1_24' title='bbox 467 439 528 474; x_wconf 86' lang='lat' dir='ltr'>hat</span> <span class='ocrx_word' id='word_1_25' title='bbox 554 442 660 484; x_wconf 85' lang='lat' dir='ltr'>poeta</span> <span class='ocrx_word' id='word_1_26' title='bbox 689 437 786 482; x_wconf 89' lang='lat' dir='ltr'>quod</span> <span class='ocrx_word' id='word_1_27' title='bbox 814 436 950 472; x_wconf 91' lang='lat' dir='ltr'>dotatio</span> <span class='ocrx_word' id='word_1_28' title='bbox 968 433 1003 480; x_wconf 47' lang='grc' dir='ltr'>ζ’)</span> <span class='ocrx_word' id='word_1_29' title='bbox 1037 436 1103 471; x_wconf 87' lang='lat' dir='ltr'>suit</span> <span class='ocrx_word' id='word_1_30' title='bbox 1130 447 1263 482; x_wconf 85' lang='lat' dir='ltr'>magna</span> <span class='ocrx_word' id='word_1_31' title='bbox 1291 436 1497 482; x_wconf 88' lang='lat' dir='ltr'>persecutio</span> <span class='ocrx_word' id='word_1_32' title='bbox 1525 436 1642 471; x_wconf 88' lang='lat' dir='ltr'>eccle-</span> 
     </span>
     <span class='ocr_line' id='line_1_5' title="bbox 467 496 1642 543; baseline -0.002 -10"><span class='ocrx_word' id='word_1_33' title='bbox 467 498 539 543; x_wconf 81' lang='lat' dir='ltr'>siae,</span> <span class='ocrx_word' id='word_1_34' title='bbox 568 498 653 543; x_wconf 88' lang='lat' dir='ltr'>quia</span> <span class='ocrx_word' id='word_1_35' title='bbox 681 501 846 543; x_wconf 90' lang='lat' dir='ltr'>tempore</span> <span class='ocrx_word' id='word_1_36' title='bbox 878 496 972 532; x_wconf 93' lang='lat' dir='ltr'>illius</span> <span class='ocrx_word' id='word_1_37' title='bbox 1008 497 1167 543; x_wconf 68' lang='lat' dir='ltr'>prodigae</span> <span class='ocrx_word' id='word_1_38' title='bbox 1198 497 1400 532; x_wconf 86' lang='lat' dir='ltr'>donationis</span> <span class='ocrx_word' id='word_1_39' title='bbox 1433 496 1556 532; x_wconf 91' lang='lat' dir='ltr'>audita</span> <span class='ocrx_word' id='word_1_40' title='bbox 1588 499 1642 531; x_wconf 88' lang='lat' dir='ltr'>est</span> 
     </span>
     <span class='ocr_line' id='line_1_6' title="bbox 467 556 1643 603; baseline -0.003 -9"><span class='ocrx_word' id='word_1_41' title='bbox 467 569 538 594; x_wconf 79' lang='lat' dir='ltr'>vox</span> <span class='ocrx_word' id='word_1_42' title='bbox 566 558 611 594; x_wconf 95' lang='lat' dir='ltr'>de</span> <span class='ocrx_word' id='word_1_43' title='bbox 638 558 749 603; x_wconf 85' lang='lat' dir='ltr'>coelis‚</span> <span class='ocrx_word' id='word_1_44' title='bbox 781 557 922 593; x_wconf 89' lang='lat' dir='ltr'>dicens:</span> <span class='ocrx_word' id='word_1_45' title='bbox 956 557 1069 592; x_wconf 81' lang='lat' dir='ltr'>Hodie</span> <span class='ocrx_word' id='word_1_46' title='bbox 1102 557 1275 592; x_wconf 80' lang='lat' dir='ltr'>diffusum</span> <span class='ocrx_word' id='word_1_47' title='bbox 1304 560 1357 592; x_wconf 89' lang='lat' dir='ltr'>est</span> <span class='ocrx_word' id='word_1_48' title='bbox 1384 566 1571 592; x_wconf 76' lang='lat' dir='ltr'>venenum</span> <span class='ocrx_word' id='word_1_49' title='bbox 1606 556 1643 591; x_wconf 90' lang='lat' dir='ltr'>in</span> 
     </span>
     <span class='ocr_line' id='line_1_7' title="bbox 467 617 1643 663; baseline -0.003 -9"><span class='ocrx_word' id='word_1_50' title='bbox 467 618 618 654; x_wconf 87' lang='lat' dir='ltr'>ecclesia</span> <span class='ocrx_word' id='word_1_51' title='bbox 646 618 719 653; x_wconf 86' lang='lat' dir='ltr'>Dei.</span> <span class='ocrx_word' id='word_1_52' title='bbox 748 617 839 653; x_wconf 83' lang='lat' dir='ltr'>Dicit</span> <span class='ocrx_word' id='word_1_53' title='bbox 866 627 973 663; x_wconf 88' lang='lat' dir='ltr'>ergo:</span> <span class='ocrx_word' id='word_1_54' title='bbox 1001 628 1019 651; x_wconf 80' lang='lat' dir='ltr'>e</span> <span class='ocrx_word' id='word_1_55' title='bbox 1045 618 1095 652; x_wconf 80' lang='lat' dir='ltr'>tal</span> <span class='ocrx_word' id='word_1_56' title='bbox 1123 627 1213 660; x_wconf 70' lang='lat' dir='ltr'>voce,</span> <span class='ocrx_word' id='word_1_57' title='bbox 1242 620 1316 652; x_wconf 88' lang='lat' dir='ltr'>tam</span> <span class='ocrx_word' id='word_1_58' title='bbox 1343 627 1471 652; x_wconf 89' lang='lat' dir='ltr'>amara</span> <span class='ocrx_word' id='word_1_59' title='bbox 1493 620 1530 652; x_wconf 90' lang='lat' dir='ltr'>et</span> <span class='ocrx_word' id='word_1_60' title='bbox 1548 626 1643 662; x_wconf 90' lang='lat' dir='ltr'>que-</span> 
     </span>
     <span class='ocr_line' id='line_1_8' title="bbox 467 674 1644 723; baseline -0.002 -10"><span class='ocrx_word' id='word_1_61' title='bbox 467 679 560 723; x_wconf 88' lang='lat' dir='ltr'>rula,</span> <span class='ocrx_word' id='word_1_62' title='bbox 589 674 657 713; x_wconf 66' lang='lat' dir='ltr'>ascl</span> <span class='ocrx_word' id='word_1_63' title='bbox 683 679 740 712; x_wconf 80' lang='lat' dir='ltr'>del</span> <span class='ocrx_word' id='word_1_64' title='bbox 764 679 859 720; x_wconf 71' lang='lat' dir='ltr'>ce&#39;elo,</span> <span class='ocrx_word' id='word_1_65' title='bbox 887 677 1010 712; x_wconf 83' lang='lat' dir='ltr'>audita</span> <span class='ocrx_word' id='word_1_66' title='bbox 1042 687 1063 711; x_wconf 90' lang='lat' dir='ltr'>a</span> <span class='ocrx_word' id='word_1_67' title='bbox 1096 676 1254 721; x_wconf 84' lang='lat' dir='ltr'>quodam</span> <span class='ocrx_word' id='word_1_68' title='bbox 1288 680 1414 712; x_wconf 87' lang='lat' dir='ltr'>sancto</span> <span class='ocrx_word' id='word_1_69' title='bbox 1442 677 1531 721; x_wconf 80' lang='lat' dir='ltr'>viro,</span> <span class='ocrx_word' id='word_1_70' title='bbox 1559 677 1644 721; x_wconf 81' lang='lat' dir='ltr'>qual</span> 
     </span>
     <span class='ocr_line' id='line_1_9' title="bbox 466 736 1641 781; baseline -0.001 -9"><span class='ocrx_word' id='word_1_71' title='bbox 466 749 539 772; x_wconf 83' lang='lat' dir='ltr'>esce</span> <span class='ocrx_word' id='word_1_72' title='bbox 566 739 602 772; x_wconf 74' lang='lat' dir='ltr'>cli</span> <span class='ocrx_word' id='word_1_73' title='bbox 628 748 713 772; x_wconf 74' lang='lat' dir='ltr'>cuor</span> <span class='ocrx_word' id='word_1_74' title='bbox 740 739 798 771; x_wconf 75' lang='lat' dir='ltr'>che</span> <span class='ocrx_word' id='word_1_75' title='bbox 824 739 854 771; x_wconf 69' lang='lat' dir='ltr'>si</span> <span class='ocrx_word' id='word_1_76' title='bbox 880 746 1099 779; x_wconf 77' lang='lat' dir='ltr'>ranmzarea,</span> <span class='ocrx_word' id='word_1_77' title='bbox 1127 736 1228 781; x_wconf 88' lang='lat' dir='ltr'>idest,</span> <span class='ocrx_word' id='word_1_78' title='bbox 1251 737 1368 781; x_wconf 84' lang='lat' dir='ltr'>qualis</span> <span class='ocrx_word' id='word_1_79' title='bbox 1395 747 1464 771; x_wconf 74' lang='lat' dir='ltr'>vox</span> <span class='ocrx_word' id='word_1_80' title='bbox 1494 736 1567 772; x_wconf 75' lang='lat' dir='ltr'>exit</span> <span class='ocrx_word' id='word_1_81' title='bbox 1595 746 1641 772; x_wconf 75' lang='lat' dir='ltr'>ex</span> 
     </span>
     <span class='ocr_line' id='line_1_10' title="bbox 465 796 1640 841; baseline -0.002 -8"><span class='ocrx_word' id='word_1_82' title='bbox 465 797 589 833; x_wconf 90' lang='lat' dir='ltr'>animo</span> <span class='ocrx_word' id='word_1_83' title='bbox 618 797 772 832; x_wconf 77' lang='lat' dir='ltr'>bominis</span> <span class='ocrx_word' id='word_1_84' title='bbox 799 796 952 831; x_wconf 87' lang='lat' dir='ltr'>dolentis</span> <span class='ocrx_word' id='word_1_85' title='bbox 971 796 1033 841; x_wconf 89' lang='lat' dir='ltr'>qui</span> <span class='ocrx_word' id='word_1_86' title='bbox 1053 796 1315 841; x_wconf 75' lang='lat' dir='ltr'>conqueritur,</span> <span class='ocrx_word' id='word_1_87' title='bbox 1335 807 1352 830; x_wconf 84' lang='lat' dir='ltr'>e</span> <span class='ocrx_word' id='word_1_88' title='bbox 1371 797 1475 840; x_wconf 79' lang='lat' dir='ltr'>cotal,</span> <span class='ocrx_word' id='word_1_89' title='bbox 1494 796 1640 840; x_wconf 89' lang='lat' dir='ltr'>scilicet,</span> 
     </span>
     <span class='ocr_line' id='line_1_11' title="bbox 466 856 1641 902; baseline -0.003 -9"><span class='ocrx_word' id='word_1_90' title='bbox 466 868 550 902; x_wconf 82' lang='lat' dir='ltr'>vox,</span> <span class='ocrx_word' id='word_1_91' title='bbox 577 859 686 891; x_wconf 72' lang='lat' dir='ltr'>disse:</span> <span class='ocrx_word' id='word_1_92' title='bbox 713 868 734 890; x_wconf 85' lang='lat'><em>0</em></span> <span class='ocrx_word' id='word_1_93' title='bbox 761 857 930 890; x_wconf 69' lang='lat' dir='ltr'>navicella</span> <span class='ocrx_word' id='word_1_94' title='bbox 963 858 1047 899; x_wconf 69' lang='lat' dir='ltr'>mia,</span> <span class='ocrx_word' id='word_1_95' title='bbox 1075 856 1175 901; x_wconf 85' lang='lat' dir='ltr'>idest,</span> <span class='ocrx_word' id='word_1_96' title='bbox 1210 857 1361 892; x_wconf 85' lang='lat' dir='ltr'>ecclesia</span> <span class='ocrx_word' id='word_1_97' title='bbox 1395 867 1478 901; x_wconf 81' lang='lat' dir='ltr'>quae</span> <span class='ocrx_word' id='word_1_98' title='bbox 1510 856 1641 891; x_wconf 90' lang='lat' dir='ltr'>dicitur</span> 
     </span>
     <span class='ocr_line' id='line_1_12' title="bbox 466 915 1641 961; baseline -0.002 -9"><span class='ocrx_word' id='word_1_99' title='bbox 466 917 634 952; x_wconf 66' lang='lat' dir='ltr'>navicula</span> <span class='ocrx_word' id='word_1_100' title='bbox 670 916 777 961; x_wconf 86' lang='lat' dir='ltr'>Petri,</span> <span class='ocrx_word' id='word_1_101' title='bbox 813 917 900 950; x_wconf 79' lang='lat' dir='ltr'>com’</span> <span class='ocrx_word' id='word_1_102' title='bbox 920 917 992 950; x_wconf 78' lang='lat' dir='ltr'>mal</span> <span class='ocrx_word' id='word_1_103' title='bbox 1026 918 1072 951; x_wconf 76' lang='lat' dir='ltr'>se&#39;</span> <span class='ocrx_word' id='word_1_104' title='bbox 1092 927 1213 959; x_wconf 63' lang='lat' dir='ltr'>carce,</span> <span class='ocrx_word' id='word_1_105' title='bbox 1240 916 1341 961; x_wconf 88' lang='lat' dir='ltr'>idest,</span> <span class='ocrx_word' id='word_1_106' title='bbox 1373 920 1504 952; x_wconf 85' lang='lat' dir='ltr'>onusta</span> <span class='ocrx_word' id='word_1_107' title='bbox 1537 915 1641 951; x_wconf 88' lang='lat' dir='ltr'>malis</span> 
     </span>
     <span class='ocr_line' id='line_1_13' title="bbox 468 975 1639 1023; baseline -0.002 -11"><span class='ocrx_word' id='word_1_108' title='bbox 468 977 664 1021; x_wconf 77' lang='lat' dir='ltr'>mercibus,</span> <span class='ocrx_word' id='word_1_109' title='bbox 680 986 771 1022; x_wconf 90' lang='lat' dir='ltr'>quas</span> <span class='ocrx_word' id='word_1_110' title='bbox 788 976 918 1011; x_wconf 87' lang='lat' dir='ltr'>melius</span> <span class='ocrx_word' id='word_1_111' title='bbox 934 980 1028 1012; x_wconf 85' lang='lat' dir='ltr'>esset</span> <span class='ocrx_word' id='word_1_112' title='bbox 1043 977 1201 1012; x_wconf 89' lang='lat' dir='ltr'>abiicere</span> <span class='ocrx_word' id='word_1_113' title='bbox 1219 980 1385 1023; x_wconf 86' lang='lat' dir='ltr'>tempore</span> <span class='ocrx_word' id='word_1_114' title='bbox 1404 975 1639 1022; x_wconf 77' lang='lat' dir='ltr'>tempestatis,</span> 
     </span>
     <span class='ocr_line' id='line_1_14' title="bbox 466 1036 1641 1083; baseline -0.003 -11"><span class='ocrx_word' id='word_1_115' title='bbox 466 1048 577 1082; x_wconf 87' lang='lat' dir='ltr'>quam</span> <span class='ocrx_word' id='word_1_116' title='bbox 607 1036 715 1071; x_wconf 88' lang='lat' dir='ltr'>simul</span> <span class='ocrx_word' id='word_1_117' title='bbox 743 1036 862 1081; x_wconf 89' lang='lat' dir='ltr'>perire</span> <span class='ocrx_word' id='word_1_118' title='bbox 890 1046 974 1071; x_wconf 90' lang='lat' dir='ltr'>cum</span> <span class='ocrx_word' id='word_1_119' title='bbox 1005 1037 1080 1071; x_wconf 82' lang='lat' dir='ltr'>illis.</span> <span class='ocrx_word' id='word_1_120' title='bbox 1109 1037 1152 1072; x_wconf 91' lang='lat' dir='ltr'>Et</span> <span class='ocrx_word' id='word_1_121' title='bbox 1185 1037 1259 1082; x_wconf 88' lang='lat' dir='ltr'>ipse</span> <span class='ocrx_word' id='word_1_122' title='bbox 1293 1040 1399 1083; x_wconf 84' lang='lat' dir='ltr'>poeta</span> <span class='ocrx_word' id='word_1_123' title='bbox 1430 1047 1540 1082; x_wconf 83' lang='lat' dir='ltr'>supra</span> <span class='ocrx_word' id='word_1_124' title='bbox 1563 1036 1641 1081; x_wconf 89' lang='lat' dir='ltr'>jam</span> 
     </span>
     <span class='ocr_line' id='line_1_15' title="bbox 466 1095 1640 1143; baseline -0.003 -10"><span class='ocrx_word' id='word_1_125' title='bbox 466 1097 510 1133; x_wconf 82' lang='lat' dir='ltr'>de</span> <span class='ocrx_word' id='word_1_126' title='bbox 539 1098 606 1132; x_wconf 89' lang='lat' dir='ltr'>boc</span> <span class='ocrx_word' id='word_1_127' title='bbox 633 1097 716 1132; x_wconf 85' lang='lat' dir='ltr'>fecit</span> <span class='ocrx_word' id='word_1_128' title='bbox 734 1107 899 1132; x_wconf 87' lang='lat' dir='ltr'>amaram</span> <span class='ocrx_word' id='word_1_129' title='bbox 923 1098 1114 1142; x_wconf 83' lang='lat' dir='ltr'>querelam</span> <span class='ocrx_word' id='word_1_130' title='bbox 1134 1097 1266 1133; x_wconf 80' lang='lat' dir='ltr'>Inferni</span> <span class='ocrx_word' id='word_1_131' title='bbox 1286 1098 1366 1132; x_wconf 73' lang='lat' dir='ltr'>xlx</span> <span class='ocrx_word' id='word_1_132' title='bbox 1388 1097 1557 1143; x_wconf 84' lang='lat' dir='ltr'>capitulo,</span> <span class='ocrx_word' id='word_1_133' title='bbox 1578 1095 1640 1131; x_wconf 90' lang='lat' dir='ltr'>ubi</span> 
     </span>
     <span class='ocr_line' id='line_1_16' title="bbox 465 1156 1641 1203; baseline -0.002 -10"><span class='ocrx_word' id='word_1_134' title='bbox 465 1157 654 1193; x_wconf 76' lang='lat' dir='ltr'>clamavit:</span> <span class='ocrx_word' id='word_1_135' title='bbox 683 1159 741 1200; x_wconf 82' lang='grc' dir='ltr'>αΙι,</span> <span class='ocrx_word' id='word_1_136' title='bbox 772 1159 971 1192; x_wconf 74' lang='lat' dir='ltr'>constantin</span> <span class='ocrx_word' id='word_1_137' title='bbox 1000 1161 1066 1193; x_wconf 86' lang='lat' dir='ltr'>etc.</span> <span class='ocrx_word' id='word_1_138' title='bbox 1083 1160 1219 1192; x_wconf 78' lang='grc' dir='ltr'><em>-Ροῖ,</em></span> <span class='ocrx_word' id='word_1_139' title='bbox 1248 1158 1311 1193; x_wconf 86' lang='lat' dir='ltr'>Hic</span> <span class='ocrx_word' id='word_1_140' title='bbox 1339 1160 1443 1203; x_wconf 90' lang='lat' dir='ltr'>poeta</span> <span class='ocrx_word' id='word_1_141' title='bbox 1471 1156 1641 1193; x_wconf 82' lang='lat' dir='ltr'>describit</span> 
     </span>
     <span class='ocr_line' id='line_1_17' title="bbox 466 1213 1641 1264; baseline -0.002 -11"><span class='ocrx_word' id='word_1_142' title='bbox 466 1222 636 1264; x_wconf 87' lang='lat' dir='ltr'>quartam</span> <span class='ocrx_word' id='word_1_143' title='bbox 661 1221 811 1263; x_wconf 84' lang='lat' dir='ltr'>pestem,</span> <span class='ocrx_word' id='word_1_144' title='bbox 832 1228 913 1262; x_wconf 67' lang='lat' dir='ltr'>qua}</span> <span class='ocrx_word' id='word_1_145' title='bbox 935 1217 1052 1252; x_wconf 87' lang='lat' dir='ltr'>maius</span> <span class='ocrx_word' id='word_1_146' title='bbox 1072 1221 1335 1253; x_wconf 82' lang='lat' dir='ltr'>nocumentum</span> <span class='ocrx_word' id='word_1_147' title='bbox 1351 1213 1385 1261; x_wconf 50' lang='grc' dir='ltr'>β),</span> <span class='ocrx_word' id='word_1_148' title='bbox 1407 1217 1504 1252; x_wconf 67' lang='lat' dir='ltr'>dedit</span> <span class='ocrx_word' id='word_1_149' title='bbox 1523 1216 1641 1252; x_wconf 85' lang='lat' dir='ltr'>eccle—</span> 
     </span>
     <span class='ocr_line' id='line_1_18' title="bbox 464 1277 1640 1324; baseline -0.002 -11"><span class='ocrx_word' id='word_1_150' title='bbox 464 1279 537 1323; x_wconf 77' lang='lat' dir='ltr'>siae,</span> <span class='ocrx_word' id='word_1_151' title='bbox 567 1278 651 1323; x_wconf 83' lang='lat' dir='ltr'>quia</span> <span class='ocrx_word' id='word_1_152' title='bbox 683 1278 840 1313; x_wconf 75' lang='lat' dir='ltr'>detraxit</span> <span class='ocrx_word' id='word_1_153' title='bbox 868 1288 1040 1324; x_wconf 85' lang='lat' dir='ltr'>magnam</span> <span class='ocrx_word' id='word_1_154' title='bbox 1070 1281 1211 1323; x_wconf 84' lang='lat' dir='ltr'>partem</span> <span class='ocrx_word' id='word_1_155' title='bbox 1246 1277 1514 1313; x_wconf 80' lang='lat' dir='ltr'>christianitatis</span> <span class='ocrx_word' id='word_1_156' title='bbox 1543 1277 1577 1312; x_wconf 78' lang='lat' dir='ltr'>vi</span> <span class='ocrx_word' id='word_1_157' title='bbox 1604 1280 1640 1312; x_wconf 91' lang='lat' dir='ltr'>et</span> 
     </span>
     <span class='ocr_line' id='line_1_19' title="bbox 464 1337 1638 1384; baseline -0.002 -10"><span class='ocrx_word' id='word_1_158' title='bbox 464 1339 604 1383; x_wconf 83' lang='lat' dir='ltr'>fraude,</span> <span class='ocrx_word' id='word_1_159' title='bbox 634 1338 680 1373; x_wconf 87' lang='lat' dir='ltr'>ita</span> <span class='ocrx_word' id='word_1_160' title='bbox 709 1338 806 1383; x_wconf 85' lang='lat' dir='ltr'>quod</span> <span class='ocrx_word' id='word_1_161' title='bbox 834 1338 891 1373; x_wconf 88' lang='lat' dir='ltr'>hic</span> <span class='ocrx_word' id='word_1_162' title='bbox 910 1338 1020 1373; x_wconf 85' lang='lat' dir='ltr'>draco</span> <span class='ocrx_word' id='word_1_163' title='bbox 1040 1348 1196 1384; x_wconf 85' lang='lat' dir='ltr'>maguus</span> <span class='ocrx_word' id='word_1_164' title='bbox 1219 1338 1298 1383; x_wconf 89' lang='lat' dir='ltr'>plus</span> <span class='ocrx_word' id='word_1_165' title='bbox 1322 1338 1405 1373; x_wconf 84' lang='lat' dir='ltr'>mali</span> <span class='ocrx_word' id='word_1_166' title='bbox 1426 1337 1507 1372; x_wconf 78' lang='lat' dir='ltr'>fecit</span> <span class='ocrx_word' id='word_1_167' title='bbox 1527 1347 1638 1382; x_wconf 89' lang='lat' dir='ltr'>quam</span> 
     </span>
     <span class='ocr_line' id='line_1_20' title="bbox 464 1398 1638 1444; baseline -0.003 -10"><span class='ocrx_word' id='word_1_168' title='bbox 464 1399 585 1444; x_wconf 83' lang='lat' dir='ltr'>aquila</span> <span class='ocrx_word' id='word_1_169' title='bbox 614 1399 808 1444; x_wconf 78' lang='lat' dir='ltr'>praedamlo</span> <span class='ocrx_word' id='word_1_170' title='bbox 837 1399 892 1434; x_wconf 72' lang='lat' dir='ltr'>vel</span> <span class='ocrx_word' id='word_1_171' title='bbox 921 1398 1099 1442; x_wconf 81' lang='lat' dir='ltr'>donando,</span> <span class='ocrx_word' id='word_1_172' title='bbox 1126 1401 1161 1433; x_wconf 86' lang='lat' dir='ltr'>et</span> <span class='ocrx_word' id='word_1_173' title='bbox 1189 1409 1300 1443; x_wconf 90' lang='lat' dir='ltr'>quam</span> <span class='ocrx_word' id='word_1_174' title='bbox 1328 1398 1455 1443; x_wconf 70' lang='lat' dir='ltr'>vulpes</span> <span class='ocrx_word' id='word_1_175' title='bbox 1482 1407 1638 1443; x_wconf 82' lang='lat' dir='ltr'>pravum</span> 
     </span>
     <span class='ocr_line' id='line_1_21' title="bbox 464 1457 1640 1504; baseline -0.002 -10"><span class='ocrx_word' id='word_1_176' title='bbox 464 1458 676 1495; x_wconf 81' lang='lat' dir='ltr'>seminando</span> <span class='ocrx_word' id='word_1_177' title='bbox 704 1458 848 1504; x_wconf 80' lang='lat' dir='ltr'>dogma,</span> <span class='ocrx_word' id='word_1_178' title='bbox 877 1458 962 1503; x_wconf 87' lang='lat' dir='ltr'>quia</span> <span class='ocrx_word' id='word_1_179' title='bbox 991 1458 1169 1493; x_wconf 88' lang='lat' dir='ltr'>maiorem</span> <span class='ocrx_word' id='word_1_180' title='bbox 1202 1458 1397 1493; x_wconf 80' lang='lat' dir='ltr'>scissuram</span> <span class='ocrx_word' id='word_1_181' title='bbox 1428 1457 1520 1502; x_wconf 81' lang='lat' dir='ltr'>fecit,</span> <span class='ocrx_word' id='word_1_182' title='bbox 1548 1457 1640 1492; x_wconf 81' lang='lat' dir='ltr'>sieut</span> 
     </span>
     <span class='ocr_line' id='line_1_22' title="bbox 464 1516 1640 1565; baseline -0.003 -11"><span class='ocrx_word' id='word_1_183' title='bbox 464 1520 569 1565; x_wconf 83' lang='lat' dir='ltr'>plene</span> <span class='ocrx_word' id='word_1_184' title='bbox 597 1522 763 1553; x_wconf 85' lang='lat' dir='ltr'>notatum</span> <span class='ocrx_word' id='word_1_185' title='bbox 791 1521 843 1553; x_wconf 86' lang='lat' dir='ltr'>est</span> <span class='ocrx_word' id='word_1_186' title='bbox 873 1518 1003 1553; x_wconf 71' lang='lat' dir='ltr'>luterni</span> <span class='ocrx_word' id='word_1_187' title='bbox 1030 1518 1187 1563; x_wconf 87' lang='lat' dir='ltr'>capitulo</span> <span class='ocrx_word' id='word_1_188' title='bbox 1207 1518 1360 1552; x_wconf 78' lang='lat' dir='ltr'>xxvlll.</span> <span class='ocrx_word' id='word_1_189' title='bbox 1388 1517 1457 1552; x_wconf 90' lang='lat' dir='ltr'>Sed</span> <span class='ocrx_word' id='word_1_190' title='bbox 1485 1516 1640 1552; x_wconf 91' lang='lat' dir='ltr'>ulterius</span> 
     </span>
     <span class='ocr_line' id='line_1_23' title="bbox 464 1576 1641 1623; baseline -0.003 -9"><span class='ocrx_word' id='word_1_191' title='bbox 464 1583 517 1614; x_wconf 89' lang='lat' dir='ltr'>est</span> <span class='ocrx_word' id='word_1_192' title='bbox 544 1578 731 1613; x_wconf 85' lang='lat' dir='ltr'>sciendum</span> <span class='ocrx_word' id='word_1_193' title='bbox 755 1588 820 1622; x_wconf 86' lang='lat' dir='ltr'>pro</span> <span class='ocrx_word' id='word_1_194' title='bbox 841 1577 969 1612; x_wconf 86' lang='lat' dir='ltr'>maiori</span> <span class='ocrx_word' id='word_1_195' title='bbox 997 1577 1215 1623; x_wconf 73' lang='lat' dir='ltr'>cognitione,</span> <span class='ocrx_word' id='word_1_196' title='bbox 1237 1577 1333 1622; x_wconf 84' lang='lat' dir='ltr'>quod</span> <span class='ocrx_word' id='word_1_197' title='bbox 1358 1577 1522 1613; x_wconf 86' lang='lat' dir='ltr'>Heraclio</span> <span class='ocrx_word' id='word_1_198' title='bbox 1542 1576 1641 1612; x_wconf 85' lang='lat' dir='ltr'>chri-</span> 
     </span>
     <span class='ocr_line' id='line_1_24' title="bbox 464 1636 1636 1683; baseline -0.003 -10"><span class='ocrx_word' id='word_1_199' title='bbox 464 1638 679 1673; x_wconf 84' lang='lat' dir='ltr'>stianissimo</span> <span class='ocrx_word' id='word_1_200' title='bbox 707 1637 929 1682; x_wconf 78' lang='lat' dir='ltr'>imperatore</span> <span class='ocrx_word' id='word_1_201' title='bbox 958 1647 1153 1671; x_wconf 86' lang='lat' dir='ltr'>romanum</span> <span class='ocrx_word' id='word_1_202' title='bbox 1177 1637 1409 1683; x_wconf 84' lang='lat' dir='ltr'>gubernante-</span> <span class='ocrx_word' id='word_1_203' title='bbox 1428 1636 1636 1682; x_wconf 87' lang='lat' dir='ltr'>imperium,</span> 
     </span>
     <span class='ocr_line' id='line_1_25' title="bbox 462 1695 1640 1741; baseline -0.002 -9"><span class='ocrx_word' id='word_1_204' title='bbox 462 1708 558 1733; x_wconf 84' lang='lat' dir='ltr'>anno</span> <span class='ocrx_word' id='word_1_205' title='bbox 582 1697 722 1732; x_wconf 90' lang='lat' dir='ltr'>Domini</span> <span class='ocrx_word' id='word_1_206' title='bbox 740 1697 854 1741; x_wconf 77' lang='lat' dir='ltr'>DCXI,</span> <span class='ocrx_word' id='word_1_207' title='bbox 872 1697 1134 1731; x_wconf 77' lang='lat' dir='ltr'>Machomettus</span> <span class='ocrx_word' id='word_1_208' title='bbox 1153 1696 1358 1731; x_wconf 67' lang='lat' dir='ltr'>christiana}</span> <span class='ocrx_word' id='word_1_209' title='bbox 1380 1696 1459 1731; x_wconf 85' lang='lat' dir='ltr'>[idei</span> <span class='ocrx_word' id='word_1_210' title='bbox 1480 1695 1640 1741; x_wconf 87' lang='lat' dir='ltr'>perfidus</span> 
     </span>
     <span class='ocr_line' id='line_1_26' title="bbox 463 1756 1639 1802; baseline -0.002 -9"><span class='ocrx_word' id='word_1_211' title='bbox 463 1758 686 1801; x_wconf 74' lang='lat' dir='ltr'>adversator,</span> <span class='ocrx_word' id='word_1_212' title='bbox 707 1767 745 1792; x_wconf 84' lang='lat' dir='ltr'>se</span> <span class='ocrx_word' id='word_1_213' title='bbox 767 1757 829 1792; x_wconf 86' lang='lat' dir='ltr'>Dei</span> <span class='ocrx_word' id='word_1_214' title='bbox 858 1757 1072 1802; x_wconf 76' lang='lat' dir='ltr'>proplietam</span> <span class='ocrx_word' id='word_1_215' title='bbox 1098 1756 1276 1792; x_wconf 82' lang='lat' dir='ltr'>mentiens</span> <span class='ocrx_word' id='word_1_216' title='bbox 1298 1756 1492 1792; x_wconf 82' lang='lat' dir='ltr'>orientales</span> <span class='ocrx_word' id='word_1_217' title='bbox 1514 1757 1639 1802; x_wconf 84' lang='lat' dir='ltr'>plagas</span> 
     </span>
     <span class='ocr_line' id='line_1_27' title="bbox 463 1817 1639 1863; baseline -0.001 -10"><span class='ocrx_word' id='word_1_218' title='bbox 463 1822 497 1854; x_wconf 85' lang='lat' dir='ltr'>et</span> <span class='ocrx_word' id='word_1_219' title='bbox 526 1818 686 1853; x_wconf 80' lang='lat' dir='ltr'>maxime</span> <span class='ocrx_word' id='word_1_220' title='bbox 713 1818 883 1853; x_wconf 79' lang='lat' dir='ltr'>Arabiam</span> <span class='ocrx_word' id='word_1_221' title='bbox 915 1818 1099 1861; x_wconf 74' lang='lat' dir='ltr'>labefecit,</span> <span class='ocrx_word' id='word_1_222' title='bbox 1120 1818 1237 1863; x_wconf 83' lang='lat' dir='ltr'>legem</span> <span class='ocrx_word' id='word_1_223' title='bbox 1264 1817 1360 1852; x_wconf 88' lang='lat' dir='ltr'>enim</span> <span class='ocrx_word' id='word_1_224' title='bbox 1381 1828 1401 1852; x_wconf 92' lang='lat' dir='ltr'>a</span> <span class='ocrx_word' id='word_1_225' title='bbox 1424 1817 1567 1852; x_wconf 88' lang='lat' dir='ltr'>diabolo</span> <span class='ocrx_word' id='word_1_226' title='bbox 1585 1817 1639 1852; x_wconf 90' lang='lat' dir='ltr'>di-</span> 
     </span>
     <span class='ocr_line' id='line_1_28' title="bbox 463 1877 1639 1924; baseline -0.002 -10"><span class='ocrx_word' id='word_1_227' title='bbox 463 1883 596 1915; x_wconf 85' lang='lat' dir='ltr'>ctatam</span> <span class='ocrx_word' id='word_1_228' title='bbox 626 1879 824 1913; x_wconf 84' lang='lat' dir='ltr'>ministerio</span> <span class='ocrx_word' id='word_1_229' title='bbox 851 1878 967 1924; x_wconf 75' lang='lat' dir='ltr'>Sergii</span> <span class='ocrx_word' id='word_1_230' title='bbox 1003 1878 1170 1913; x_wconf 83' lang='lat' dir='ltr'>monachi</span> <span class='ocrx_word' id='word_1_231' title='bbox 1203 1881 1377 1923; x_wconf 77' lang='lat' dir='ltr'>apostatae</span> <span class='ocrx_word' id='word_1_232' title='bbox 1411 1882 1447 1913; x_wconf 86' lang='lat' dir='ltr'>et</span> <span class='ocrx_word' id='word_1_233' title='bbox 1479 1877 1639 1913; x_wconf 70' lang='lat' dir='ltr'>baeretici</span> 
     </span>
     <span class='ocr_line' id='line_1_29' title="bbox 463 1938 1638 1983; baseline -0.002 -9"><span class='ocrx_word' id='word_1_234' title='bbox 463 1939 607 1974; x_wconf 83' lang='lat' dir='ltr'>tradidit</span> <span class='ocrx_word' id='word_1_235' title='bbox 642 1939 824 1974; x_wconf 83' lang='lat' dir='ltr'>saracenis</span> <span class='ocrx_word' id='word_1_236' title='bbox 856 1938 1002 1973; x_wconf 82' lang='lat' dir='ltr'>arabice</span> <span class='ocrx_word' id='word_1_237' title='bbox 1039 1938 1221 1983; x_wconf 79' lang='lat' dir='ltr'>scriptam.</span> <span class='ocrx_word' id='word_1_238' title='bbox 1259 1938 1339 1972; x_wconf 86' lang='lat' dir='ltr'>Fuit</span> <span class='ocrx_word' id='word_1_239' title='bbox 1373 1938 1638 1973; x_wconf 80' lang='lat' dir='ltr'>Macllomettus</span> 
     </span>
     <span class='ocr_line' id='line_1_30' title="bbox 463 1998 1637 2044; baseline -0.003 -9"><span class='ocrx_word' id='word_1_240' title='bbox 463 2000 517 2035; x_wconf 67' lang='lat' dir='ltr'>vir</span> <span class='ocrx_word' id='word_1_241' title='bbox 545 1999 769 2044; x_wconf 79' lang='lat' dir='ltr'>luxuriosus,</span> <span class='ocrx_word' id='word_1_242' title='bbox 797 1999 1001 2043; x_wconf 81' lang='lat' dir='ltr'>bellicosus,</span> <span class='ocrx_word' id='word_1_243' title='bbox 1029 2008 1195 2033; x_wconf 79' lang='lat' dir='ltr'>asserens</span> <span class='ocrx_word' id='word_1_244' title='bbox 1222 2009 1261 2034; x_wconf 88' lang='lat' dir='ltr'>se</span> <span class='ocrx_word' id='word_1_245' title='bbox 1293 2009 1356 2044; x_wconf 86' lang='lat' dir='ltr'>per</span> <span class='ocrx_word' id='word_1_246' title='bbox 1383 1998 1540 2044; x_wconf 85' lang='lat' dir='ltr'>gratiam</span> <span class='ocrx_word' id='word_1_247' title='bbox 1575 1998 1637 2033; x_wconf 91' lang='lat' dir='ltr'>Dei</span> 
     </span>
     <span class='ocr_line' id='line_1_31' title="bbox 462 2057 1636 2105; baseline -0.003 -11"><span class='ocrx_word' id='word_1_248' title='bbox 462 2071 566 2105; x_wconf 72' lang='lat' dir='ltr'>posse</span> <span class='ocrx_word' id='word_1_249' title='bbox 594 2060 745 2105; x_wconf 63' lang='lat' dir='ltr'>gignere</span> <span class='ocrx_word' id='word_1_250' title='bbox 769 2059 962 2104; x_wconf 72' lang='lat' dir='ltr'>plusquam</span> <span class='ocrx_word' id='word_1_251' title='bbox 984 2058 1225 2104; x_wconf 78' lang='lat' dir='ltr'>quadraginta</span> <span class='ocrx_word' id='word_1_252' title='bbox 1247 2058 1324 2102; x_wconf 72' lang='lat' dir='ltr'>viri,</span> <span class='ocrx_word' id='word_1_253' title='bbox 1346 2058 1482 2093; x_wconf 75' lang='lat' dir='ltr'>liabens</span> <span class='ocrx_word' id='word_1_254' title='bbox 1502 2057 1636 2092; x_wconf 88' lang='lat' dir='ltr'>multas</span> 
     </span>
     <span class='ocr_line' id='line_1_32' title="bbox 462 2117 1637 2164; baseline -0.003 -9"><span class='ocrx_word' id='word_1_255' title='bbox 462 2131 598 2155; x_wconf 77' lang='lat' dir='ltr'>uxores</span> <span class='ocrx_word' id='word_1_256' title='bbox 626 2123 661 2154; x_wconf 90' lang='lat' dir='ltr'>et</span> <span class='ocrx_word' id='word_1_257' title='bbox 688 2119 927 2164; x_wconf 70' lang='lat' dir='ltr'>concubinas,</span> <span class='ocrx_word' id='word_1_258' title='bbox 957 2119 1036 2154; x_wconf 86' lang='lat' dir='ltr'>ideo</span> <span class='ocrx_word' id='word_1_259' title='bbox 1066 2118 1207 2153; x_wconf 88' lang='lat' dir='ltr'>tradidit</span> <span class='ocrx_word' id='word_1_260' title='bbox 1234 2118 1332 2164; x_wconf 82' lang='lat' dir='ltr'>leges</span> <span class='ocrx_word' id='word_1_261' title='bbox 1360 2117 1567 2153; x_wconf 87' lang='lat' dir='ltr'>immundas</span> <span class='ocrx_word' id='word_1_262' title='bbox 1602 2120 1637 2152; x_wconf 91' lang='lat' dir='ltr'>et</span> 
     </span>
     <span class='ocr_line' id='line_1_33' title="bbox 464 2178 1633 2225; baseline -0.002 -10"><span class='ocrx_word' id='word_1_263' title='bbox 464 2191 576 2216; x_wconf 71' lang='lat' dir='ltr'>vanas</span> <span class='ocrx_word' id='word_1_264' title='bbox 596 2180 669 2214; x_wconf 77' lang='lat' dir='ltr'>suis</span> <span class='ocrx_word' id='word_1_265' title='bbox 688 2179 871 2223; x_wconf 77' lang='lat' dir='ltr'>arabibus,</span> <span class='ocrx_word' id='word_1_266' title='bbox 896 2190 1056 2224; x_wconf 81' lang='lat' dir='ltr'>quorum</span> <span class='ocrx_word' id='word_1_267' title='bbox 1077 2182 1155 2214; x_wconf 89' lang='lat' dir='ltr'>erat</span> <span class='ocrx_word' id='word_1_268' title='bbox 1174 2188 1263 2225; x_wconf 85' lang='lat' dir='ltr'>gens</span> <span class='ocrx_word' id='word_1_269' title='bbox 1286 2188 1411 2224; x_wconf 78' lang='lat' dir='ltr'>grossa</span> <span class='ocrx_word' id='word_1_270' title='bbox 1439 2178 1515 2213; x_wconf 80' lang='lat' dir='ltr'>sine</span> <span class='ocrx_word' id='word_1_271' title='bbox 1543 2178 1633 2224; x_wconf 84' lang='lat' dir='ltr'>lege,</span> 
     </span>
    </p>
   </div>
   <div class='ocr_carea' id='block_1_3' title="bbox 501 2256 1628 2269">
    <p class='ocr_par' dir='ltr' id='par_1_3' title="bbox 501 2256 1628 2269">
     <span class='ocr_line' id='line_1_34' title="bbox 501 2256 1628 2269; baseline 0 0"><span class='ocrx_word' id='word_1_272' title='bbox 501 2256 1628 2269; x_wconf 95' lang='lat' dir='ltr'> </span> 
     </span>
    </p>
   </div>
   <div class='ocr_carea' id='block_1_4' title="bbox 526 2307 1423 2337">
    <p class='ocr_par' dir='ltr' id='par_1_4' title="bbox 526 2307 1423 2337">
     <span class='ocr_line' id='line_1_35' title="bbox 526 2307 1423 2337; baseline -0.002 -6"><span class='ocrx_word' id='word_1_273' title='bbox 526 2309 551 2337; x_wconf 62' lang='lat'>(¹2¹</span> <span class='ocrx_word' id='word_1_274' title='bbox 573 2311 614 2332; x_wconf 86' lang='lat'>117</span> <span class='ocrx_word' id='word_1_275' title='bbox 632 2315 646 2331; x_wconf 75' lang='lat' dir='ltr'>e</span> <span class='ocrx_word' id='word_1_276' title='bbox 665 2308 692 2332; x_wconf 70' lang='lat' dir='ltr'>li.</span> <span class='ocrx_word' id='word_1_277' title='bbox 711 2309 806 2332; x_wconf 81' lang='lat' dir='ltr'>dolatio</span> <span class='ocrx_word' id='word_1_278' title='bbox 825 2310 869 2332; x_wconf 77' lang='lat' dir='ltr'>ista</span> <span class='ocrx_word' id='word_1_279' title='bbox 889 2308 975 2331; x_wconf 66' lang='lat' dir='ltr'>sua-rit.</span> <span class='ocrx_word' id='word_1_280' title='bbox 1148 2307 1165 2337; x_wconf 71' lang='lat'>³)</span> <span class='ocrx_word' id='word_1_281' title='bbox 1185 2308 1212 2331; x_wconf 72' lang='lat' dir='ltr'>E.</span> <span class='ocrx_word' id='word_1_282' title='bbox 1231 2308 1423 2331; x_wconf 75' lang='lat' dir='ltr'>detrimentum.</span> 
     </span>
    </p>
   </div>
  </div>
 </body>
</html>
