1766 2856
491 256 560 288 460
882 260 1086 285 COMENTUM
1113 260 1280 285 mulmis}

486 507 649 540 CANTUS
675 506 893 546 SEPTIMUS,
911 508 946 537 in
962 517 1020 547 quo
1043 508 1218 539 continetur
1241 508 1460 539 exterminium
1475 507 1666 548 judoeorum,

809 563 864 595 ubi
886 566 1003 595 tractat
1027 563 1064 594 de
1087 566 1185 595 morte
1211 563 1340 595 Christi.

570 705 769 788 Osmzm
787 756 926 787 sanctus
938 754 1030 786 Dens
1045 752 1206 787 Sabaoth.
1224 752 1422 798 Postquam
1442 753 1479 787 in
1497 752 1666 799 proximo

487 813 705 860 praecedenti
733 812 891 858 capitulo
914 812 1048 848 Dantes
1071 812 1273 848 introduxit
1291 813 1452 848 animam
1476 813 1665 848 Justiniani

487 873 768 920 persuadentem
791 872 853 917 jus
874 872 1102 918 etjnstitiam
1123 872 1266 908 romani
1289 873 1441 919 imperii,
1463 883 1560 909 nuuc
1578 883 1667 909 con-

486 936 683 979 sequenter
717 933 752 967 in
792 932 858 967 isto
887 933 946 968 vll
982 933 1140 979 capitulo
1177 936 1376 979 pertractat
1414 944 1526 969 unam
1563 943 1666 978 quae-

486 994 639 1029 stionem
668 1003 750 1038 quae
783 994 902 1028 oritur
930 1004 975 1029 ex
1003 994 1164 1039 quodam
1201 994 1296 1030 dicto
1328 994 1496 1040 superius
1526 994 1666 1040 posit03

487 1059 522 1090 et
549 1058 603 1090 est
630 1053 799 1099 quaestio:
830 1054 1016 1099 quomodo
1052 1054 1208 1090 vindicta
1244 1055 1337 1090 facta
1371 1065 1436 1101 per
1469 1055 1590 1090 Titum
1621 1055 1667 1091 de

486 1119 605 1151 morte
632 1114 762 1150 Christi
790 1115 906 1160 potuit
934 1125 1013 1150 esse
1030 1115 1142 1161 justa,
1165 1115 1193 1150 si
1216 1126 1316 1151 mors
1335 1115 1464 1151 Christi
1486 1115 1580 1151 facta
1598 1115 1667 1151 sub

485 1176 627 1211 Tiberio
654 1175 720 1210 suit
742 1176 868 1222 justa?
894 1176 985 1211 Nam
1020 1175 1047 1210 si
1077 1175 1193 1221 judex
1223 1176 1323 1221 juste
1357 1176 1508 1211 damnat
1546 1186 1664 1220 reum,

486 1236 670 1283 (momodo
698 1240 815 1282 potest
843 1236 920 1272 fieri
948 1236 1104 1272 vindicta
1126 1237 1225 1282 Justa
1254 1236 1299 1272 de
1327 1238 1414 1271 reo?
1436 1237 1479 1271 Et
1506 1246 1666 1282 praesens

485 1297 685 1343 capitulum
714 1300 831 1343 potest
857 1297 965 1332 dividi
993 1297 1113 1332 solum
1140 1297 1176 1332 in
1205 1301 1277 1332 tres
1304 1300 1426 1343 partes
1454 1297 1665 1343 generales3

488 1358 523 1393 in
550 1369 709 1403 quarum
738 1358 856 1404 prima
883 1361 992 1394 autor
1025 1361 1223 1404 pertractat
1250 1357 1383 1393 dictam
1412 1357 1664 1403 quaestionem.

485 1419 522 1453 ln
550 1418 709 1454 secunda
736 1418 845 1454 aliam
869 1428 952 1464 quae
980 1418 1142 1454 nascitur
1169 1428 1214 1454 ex
1242 1418 1371 1464 prima,
1392 1417 1458 1453 ibi:
1481 1420 1543 1453 Ma
1563 1419 1607 1453 io.
1627 1418 1666 1453 In

485 1478 589 1514 tertia
614 1482 649 1513 et
668 1478 796 1513 ultima
823 1478 931 1514 aliam
960 1488 1045 1524 quae
1067 1478 1228 1513 nascitur
1251 1488 1297 1513 ex
1317 1477 1488 1523 secunda,
1509 1478 1573 1513 ibi:
1602 1480 1666 1522 Or,

481 1550 545 1583 per
578 1540 742 1583 emplerless.
781 1538 832 1573 Ad
868 1538 1029 1584 primum
1066 1538 1157 1583 dico,
1194 1538 1292 1584 qnod
1323 1542 1432 1574 autor
1468 1542 1667 1585 pertractat

485 1599 718 1644 principalem
735 1599 992 1644 quoestionem3
1008 1598 1069 1634 sed
1085 1599 1204 1644 primo
1220 1598 1405 1644 praemittit
1421 1610 1537 1634 unum
1556 1609 1666 1635 exor—

484 1659 596 1703 dium,
626 1659 660 1693 in
689 1670 762 1704 quo
791 1659 904 1705 tangit
936 1669 1122 1694 recessum
1157 1659 1358 1703 Justiuiani,
1392 1663 1428 1694 et
1458 1659 1665 1705 apparatio-

485 1728 569 1753 nem
597 1719 651 1753 sui
678 1718 723 1753 ad
752 1729 884 1753 novam
909 1718 1122 1763 materiamg
1144 1718 1240 1753 unde
1259 1718 1476 1754 continuans
1495 1718 1589 1753 dicta
1611 1718 1665 1753 di-

484 1778 606 1814 cendis
633 1778 716 1813 dicit
743 1778 841 1823 quod
863 1778 1086 1813 Justinianus
1105 1778 1265 1813 cantavit
1292 1778 1326 1812 in
1356 1778 1426 1813 fine
1445 1788 1522 1813 suae
1544 1778 1665 1825 longae

484 1839 656 1874 orationis
684 1839 810 1874 laudes
837 1838 1028 1883 Altissimo,
1057 1842 1091 1873 et
1119 1838 1300 1873 cantando
1323 1838 1510 1884 disparuit.
1531 1838 1664 1874 Ordina

484 1909 573 1945 ergo
600 1898 650 1934 sic
678 1898 819 1933 literam
848 1902 884 1934 et
911 1908 1073 1944 expone:
1103 1901 1191 1933 Essa
1217 1902 1398 1942 sztslanza,
1421 1898 1523 1943 idest,
1542 1898 1663 1934 anima

484 1958 657 2003 praeclara
688 1958 889 2003 Justiniani,
917 1968 1028 2002 sopra
1054 1960 1089 1993 la
1116 1960 1200 2003 qual
1225 1960 1352 2003 (loppio
1379 1960 1467 1993 lcmze
1493 1960 1663 2004 s’acldua,

484 2018 584 2063 idest⁷
614 2018 861 2064 ingeminatur
889 2022 925 2053 et
952 2018 1170 2064 duplicatur,
1200 2019 1284 2064 quia
1307 2019 1531 2054 ,lastinianus
1550 2019 1664 2065 fulget

482 2078 613 2124 duplici
641 2079 756 2125 gloria
780 2079 814 2114 in
834 2079 939 2124 coelo⁷
964 2079 1057 2114 sicut
1076 2079 1112 2114 in
1132 2079 1269 2115 mundo
1288 2079 1353 2114 suit
1373 2079 1563 2124 dupliciter
1584 2079 1663 2126 glo—

484 2139 612 2184 1·iosnS‚
647 2139 791 2184 scilicet,
827 2139 903 2174 utili
938 2139 1095 2180 editione
1126 2140 1263 2186 legum,
1292 2143 1327 2175 et
1350 2140 1448 2186 justa
1475 2139 1663 2185 guberna-

484 2199 580 2234 tione
608 2199 748 2244 imperii
779 2200 937 2245 reparati
967 2200 1104 2235 viribus
1131 2210 1336 2245 armorum,
1354 2201 1393 2245 fu
1419 2201 1490 2235 riso
1516 2204 1664 2236 cantare

483 2269 505 2291 α
533 2269 597 2302 me,
625 2263 703 2304 post
731 2260 878 2306 longam
905 2260 1110 2296 orationem
1133 2271 1250 2305 suam,
1273 2262 1473 2305 ziolyenclost
1491 2262 1564 2295 alla
1582 2264 1662 2296 rota

482 2328 564 2361 sua,
597 2318 702 2364 idest,
738 2320 918 2355 movendo
954 2330 993 2355 se
1029 2320 1074 2356 ad
1102 2325 1251 2356 cantum
1284 2332 1410 2365 suurn,
1438 2318 1525 2366 cosi,
1555 2321 1659 2367 idest,
