1737 2836
497 226 633 251 οὓτω
659 224 800 250 PRIML‘S.
1165 214 1233 246 293

65 300 161 335 latur
179 299 339 345 primum
364 297 507 342 mobile,
531 300 564 332 et
588 297 723 332 coelum
751 305 969 342 empyreum
989 294 1087 340 quod
1105 294 1237 330 dicitur

65 359 267 405 paradisus,
283 358 317 392 in
335 358 466 403 quibus
488 357 689 403 figuraliter
712 360 747 391 et
767 355 952 391 moraliter
974 355 1143 391 describit
1161 354 1241 401 glo-

66 419 301 454 riosissimam
320 415 354 462 4⁸?
384 417 565 453 civitatem
598 416 672 461 Dei,
701 416 865 451 *videlicet
893 415 1081 451 ecclesiam
1110 414 1242 449 trium-

64 479 250 525 phantem,
281 482 316 513 et
343 477 449 513 durat
477 486 594 522 usque
621 476 666 511 ad
694 476 804 511 finem
834 475 924 510 libri.
955 475 1119 509 Primum
1147 473 1243 520 capi-

65 539 185 574 tulum
223 537 446 584 prohemiale
473 540 548 572 tam
580 536 700 571 nobile
732 545 844 580 quam
880 534 1035 570 sublime
1070 534 1241 569 dividitur

67 598 102 633 in
138 602 298 643 quatuor
325 599 450 643 'partes
482 596 683 643 generales.
720 596 757 629 In
790 594 908 640 prima
939 605 1098 639 quarum
1134 597 1241 639 poeta

67 658 200 694 Dantes
227 658 404 703 proponit.
424 658 463 692 In
485 656 642 692 secunda
662 656 815 700 invocat,
836 654 882 690 ibi
901 654 1041 689 statim:
1067 656 1096 688 Ο
1123 654 1235 688 buono

67 719 202 762 Apollo.
231 718 270 752 In
298 717 402 753 tertia
430 716 582 752 ostendit
610 715 765 761 qualiter
792 724 904 760 opera
930 713 1102 749 Beatricis
1132 712 1241 748 suerit

67 778 259 823 dispositus
294 781 331 813 et
366 777 572 812 habilitatus
605 776 650 811 ad
680 774 949 810 ascendendum
987 774 1136 818 coelum,
1173 772 1240 807 ibi:

68 840 181 881 Sume
208 839 243 871 αἱ
269 838 418 871 mortali.
447 836 485 870 In
514 839 644 881 quarta
672 838 707 870 et
736 834 861 869 ultima
888 833 1018 879 probat
1048 834 1156 879 longo
1189 831 1243 867 di—

69 907 198 932 scursu
220 897 376 942 qualiter
396 896 551 931 naturali
571 906 683 931 cursu
703 898 739 930 et
760 894 961 929 rationabili
976 893 1103 929 ordine
1117 903 1243 928 aseen—

69 956 161 992 derit
178 952 211 1000 8)
242 957 390 1001 eoelum,
411 956 477 990 ibi:
506 958 556 989 La
575 950 690 990 noctu}
709 956 765 989 clel
783 964 904 988 suono.
924 953 976 988 Ad
997 953 1158 999 primum
1180 962 1245 988 ve—

71 1016 174 1051 niens
200 1016 280 1050 dico
308 1015 406 1060 quod
432 1019 541 1050 autor
571 1014 689 1060 primo
722 1013 889 1059 proponit
915 1013 1120 1057 materiam,
1148 1012 1244 1047 circa

73 1086 183 1120 quam
213 1075 328 1120 aperit
355 1074 591 1110 intentionem
619 1084 735 1108 suam.
753 1073 883 1108 Volens
902 1075 1028 1108 autem
1056 1072 1112 1107 hic
1139 1077 1244 1118 poeta

71 1134 251 1181 gloriosus
290 1134 497 1169 describere
537 1132 902 1178 superexcellentiam
939 1131 1093 1167 coelestis
1130 1131 1244 1177 regni,

71 1194 167 1239 quod
180 1205 277 1230 nunc
291 1198 395 1240 parat
409 1194 547 1240 poetice
560 1196 834 1239 repraesentare,
844 1202 909 1237 pro
921 1191 1070 1226 exordio
1082 1191 1245 1236 praemit-

71 1253 112 1288 tit
131 1264 243 1289 unam
261 1254 472 1298 maximam,
488 1264 570 1298 quae
586 1256 639 1288 est
655 1262 801 1288 commu
809 1251 861 1286 nis
876 1251 1062 1297 conceptio
1078 1251 1243 1286 omnium

70 1313 291 1358 animorum,
320 1313 378 1348 cui
406 1313 524 1348 omnis
547 1313 656 1347 homo
679 1321 776 1346 sante
794 1311 925 1346 mentis
944 1310 1153 1355 acquiescit,
1175 1310 1245 1346 sci-

74 1373 168 1418 licet,
189 1373 286 1418 quod
310 1373 390 1408 coeli
419 1376 454 1408 et
481 1375 577 1407 terra
605 1372 710 1417 plena
725 1366 759 1415 (³)
790 1375 874 1406 sunt
901 1371 1090 1406 maiestate
1116 1370 1242 1417 gloriae

75 1432 201 1467 aeterni
231 1432 336 1478 regis,
365 1432 426 1477 qui
453 1431 575 1467 omnia
604 1431 696 1477 regit
722 1434 901 1476 potenter,
924 1430 1105 1476 sapienter
1127 1434 1163 1465 et
1185 1430 1249 1465 be-

74 1492 296 1527 nevolenter.
326 1491 416 1526 Dicit
443 1501 532 1537 ergo
564 1491 688 1526 litera:
716 1492 767 1524 La
797 1491 926 1534 gloria,
958 1500 1040 1535 quae
1072 1493 1126 1525 est
1153 1490 1249 1525 clara

74 1561 159 1587 cum
187 1551 295 1586 laude
318 1551 454 1595 notitia,
474 1552 510 1586 (It
527 1552 628 1593 colui,
647 1550 793 1595 scilicet,
813 1549 1071 1595 omnipotentis
1090 1549 1166 1594 Dei,
1186 1549 1249 1594 qui

75 1615 129 1647 est
155 1611 295 1657 primus
323 1615 454 1655 motor,
482 1611 540 1645 che
567 1614 648 1645 lullo
675 1620 808 1654 mimae,
832 1615 868 1646 et
894 1620 915 1645 a
943 1610 1041 1645 nullo
1065 1612 1246 1645 movetur.

75 1671 172 1707 Licet
200 1671 296 1706 enim
325 1670 569 1717 intelligentia*
597 1674 769 1706 moveant
796 1670 915 1715 orbes,
943 1674 979 1705 et
1006 1669 1138 1705 animae
1170 1680 1251 1705 cor—

75 1741 175 1777 pora,
204 1742 275 1766 non
303 1734 425 1766 tamen
444 1741 508 1776 per
534 1741 573 1766 se
601 1734 808 1776 moventur,
832 1730 926 1766 sicut
953 1731 1094 1765 clarum
1124 1740 1250 1766 exem-

79 1790 179 1836 plum
208 1790 384 1825 habemus
406 1790 450 1825 de
472 1790 565 1825 navi.
588 1790 685 1826 Licet
705 1790 802 1826 enim
825 1790 861 1825 in
883 1800 1016 1836 magna
1037 1790 1120 1825 navi
1139 1789 1250 1834 aliqui

78 1852 250 1884 moveant
278 1860 410 1894 remoS‚
428 1849 537 1893 aliqui
558 1850 702 1884 trahant
723 1849 838 1894 funes,
858 1849 969 1894 aliqui
988 1853 1146 1884 vacuent
1167 1859 1250 1884 sen-

80 1909 204 1954 tinam,
232 1912 268 1944 et
294 1909 351 1944 alii
368 1903 401 1953 44]
434 1909 585 1943 ministri
611 1909 795 1944 intendant
827 1909 923 1944 circa
957 1909 1099 1944 diversa
1127 1919 1250 1954 opera,

79 1972 201 2004 tamen
230 1979 324 2003 unus
351 1972 405 2003 est
430 1969 668 2015 guberuator,
688 1969 749 2013 qui
782 1971 908 2004 tenens
940 1972 1123 2003 temonem
1158 1968 1251 2014 regit

81 2033 210 2074 totum,
237 2029 282 2064 de
309 2028 412 2064 euius
441 2039 551 2063 manu
581 2028 712 2073 pendet
738 2028 836 2063 salus
864 2028 972 2063 totius
999 2028 1249 2063 multitudinis.

82 2088 165 2124 Ideo
184 2088 300 2123 Varro
319 2087 547 2123 doctissimus
572 2098 812 2123 romanorum
839 2088 927 2123 dixit
951 2087 1047 2133 quod
1075 2089 1171 2123 Deus
1198 2092 1252 2124 est

80 2148 224 2183 animus
252 2151 353 2182 motu
382 2158 424 2183 ac
452 2147 591 2182 ratione
620 2148 798 2182 mundum
826 2149 1046 2194 gubernans,
1075 2152 1116 2183 ut
1143 2149 1252 2184 refert

141 2241 168 2270 (¹)
186 2241 215 2264 E.
233 2241 380 2270 gloriosam.
575 2242 601 2269 (²)
619 2243 641 2268 t.
659 2242 812 2265 ascenditur.
824 2255 852 2260 —
866 2242 894 2265 E.
913 2242 1090 2265 ascenderunt.

143 2279 167 2307 ζ’)
187 2279 215 2302 E.
233 2278 299 2308 pleni
317 2282 383 2302 sunt.
576 2279 601 2307 N)
621 2279 649 2302 Ε.
667 2279 753 2309 aliqui.
