1766 2856
526 211 593 242 122
882 215 1085 242 COMENTUM
1111 215 1330 240 PERGATonn

521 289 649 324 avidus
675 288 843 324 audiendi
872 298 950 323 rem
979 298 1124 332 novam,
1145 288 1192 323 ita
1215 288 1347 323 Dantes
1366 288 1508 324 videndi
1528 300 1607 326 rem
1627 301 1692 326 no-

523 358 682 383 vam.—
699 345 772 382 Clze'.
801 347 907 382 Nunc
934 351 1039 392 poeta
1067 347 1236 383 describit
1257 347 1366 383 aliam
1394 352 1530 384 sectam
1558 360 1691 386 novam

519 408 794 443 luxuriosorum
814 407 859 442 de
877 417 1013 453 genere
1033 407 1296 443 sodomitarum
1313 409 1585 444 occurrentium
1606 410 1691 455 istis,

520 471 555 503 et
582 477 711 502 eorum
738 470 841 502 actus
868 470 903 502 et
930 476 1054 511 voces;
1083 467 1180 502 unde
1206 467 1308 502 dicit:
1337 465 1397 502 elce*
1415 472 1526 512 yeme,
1545 469 1691 515 scilicet,

519 529 616 562 secta
630 523 670 570 C}
697 526 919 571 sodomitica,
939 528 1039 561 venia
1059 537 1124 570 per
1151 528 1184 560 lo
1203 537 1323 561 mezzo
1350 528 1406 562 del
1430 530 1567 563 camino
1594 539 1692 563 acce-

519 598 571 630 so,
598 587 743 631 scilicet,
762 587 808 622 ab
836 587 929 632 igne,
949 588 1004 621 col
1023 589 1093 621 riso
1113 588 1270 621 incontro
1290 598 1312 621 α
1331 592 1461 632 questa,
1483 588 1585 633 idest,
1604 599 1689 624 cum

520 647 610 682 facie
643 647 788 681 obviam
824 646 951 692 primae
985 649 1102 690 sectae,
1132 648 1166 680 Ια
1193 648 1277 692 qual
1308 649 1355 682 mi
1381 650 1453 693 fece
1486 658 1509 682 a
1539 650 1689 683 rimz'rar

519 717 671 751 sospeso,
700 706 784 751 quia
812 706 905 751 coepi
933 710 1127 752 expectare
1155 716 1239 740 cum
1267 706 1508 743 admiratione
1532 708 1617 753 quid
1637 708 1691 744 fa-

519 770 624 801 ctura
652 769 758 810 esset,
785 765 878 801 sicut
905 765 962 800 illa
989 765 1106 810 prima
1125 775 1214 811 gens
1233 767 1447 811 expectabat
1469 777 1553 802 cum
1573 767 1691 803 admi-

520 826 659 861 ratione
685 825 812 860 audire
840 835 909 860 me.
942 825 984 859 Et
1017 824 1136 859 subdit
1171 825 1257 870 quid
1292 826 1419 861 viderit
1454 837 1497 861 ex
1532 830 1691 872 utraque

518 889 630 931 parte,
657 885 798 920 dicens:
827 880 850 918 ἰὶ
878 885 998 928 veyyz'o
1025 885 1157 929 ‹l’oym'
1176 889 1291 929 parte,
1320 888 1394 920 tam
1420 885 1548 931 primae
1574 896 1685 931 quam

517 944 685 980 secundae
712 944 839 990 gentis⁷
867 945 1029 978 ciasczma
1056 945 1193 988 embra,
1213 955 1296 990 quae
1326 949 1425 981 recte
1448 946 1690 991 respondebat

517 1004 621 1039 alteri
646 1003 787 1038 umbrae
815 1007 914 1039 recta
942 1003 1046 1048 linea,
1063 1006 1157 1049 farsi
1168 1008 1303 1048 presta,
1323 1016 1341 1039 e
1362 1005 1516 1040 bctcz'arse'
1536 1016 1606 1040 una
1625 1015 1690 1040 con

521 1074 604 1107 una,
631 1059 718 1107 inf)
747 1063 1010 1109 improperium
1039 1063 1186 1098 nefariae
1218 1064 1490 1109 coniunctionis,
1512 1075 1623 1109 quam
1653 1064 1687 1099 in

519 1123 642 1158 seculo
662 1126 895 1168 peregerunt7
915 1122 1008 1157 sicut
1029 1126 1132 1168 poeta
1155 1123 1323 1169 glossabit
1344 1134 1382 1160 se
1401 1124 1513 1168 iufra3
1533 1127 1569 1159 et
1587 1123 1687 1159 dicit:

519 1187 672 1218 comente
699 1193 719 1216 α
747 1183 848 1217 breve
871 1185 960 1227 festa
977 1193 1085 1217 senza
1106 1185 1228 1226 rislar,
1248 1183 1332 1228 quia
1356 1194 1467 1228 quan]
1492 1183 1597 1218 citius
1625 1193 1688 1229 po-

519 1246 637 1278 terant
657 1253 700 1277 ex
722 1242 833 1277 nimia
851 1242 1064 1278 confusione
1084 1243 1228 1278 ruboris
1248 1243 1465 1278 videbantur
1488 1243 1585 1279 mille
1603 1243 1687 1278 anni

519 1303 616 1348 quod
648 1303 817 1349 sugerent
847 1302 1099 1337 abominantes
1129 1306 1257 1347 semet,
1293 1306 1328 1338 et
1366 1303 1468 1347 quasi
1502 1303 1683 1338 dicentes:

519 1363 580 1408 qui
594 1358 629 1406 ὃ)
645 1362 809 1397 diabolus
828 1363 995 1398 osculum
1017 1363 1087 1397 tale
1106 1362 1251 1407 invenit⁷
1267 1365 1329 1397 aut
1350 1373 1460 1407 quam
1477 1362 1687 1398 delectatio-

519 1434 602 1459 nem
619 1426 734 1468 potest
754 1423 889 1458 habere
909 1422 963 1457 v1r
981 1422 1026 1457 de
1045 1422 1135 1466 viro,
1155 1426 1217 1457 aut
1238 1423 1347 1457 homo
1366 1422 1410 1458 de
1426 1422 1538 1458 bestia
1554 1422 1589 1456 in
1603 1425 1685 1457 actu

517 1483 693 1518 libidinis?
707 1502 754 1507 —
771 1478 856 1517 Cosi.
887 1482 949 1516 Hic
976 1486 1082 1527 poeta
1109 1482 1291 1527 specificat
1311 1486 1459 1517 mutuos
1481 1485 1584 1517 actus
1603 1482 1689 1517 ista-

516 1553 599 1577 rum
627 1542 834 1577 animarum
855 1552 919 1586 per
938 1542 1248 1586 comparationem
1276 1542 1410 1577 claram
1441 1546 1476 1577 et
1503 1542 1686 1587 propriam

516 1601 763 1637 formicarum.
792 1601 843 1635 Ad
871 1611 981 1645 quam
1015 1601 1109 1636 bene
1143 1601 1382 1646 adaptandam
1402 1595 1436 1645 ὃ)
1466 1605 1561 1646 nota,
1590 1601 1687 1646 quod

516 1661 676 1696 sormicae
702 1660 736 1694 in
765 1660 965 1706 colligendo
987 1660 1109 1695 cibum
1134 1670 1261 1695 omncs
1279 1660 1469 1695 ambulant
1487 1661 1623 1696 directe
1642 1660 1687 1696 ad

515 1721 647 1756 lineam
677 1730 800 1764 unam,
827 1730 909 1765 quan
936 1720 1034 1755 ducit
1060 1719 1105 1754 ad
1134 1720 1270 1764 nidum,
1291 1723 1324 1755 et
1353 1720 1549 1755 observant
1569 1731 1684 1756 unum

515 1781 636 1816 locum
665 1780 699 1814 in
727 1790 837 1824 quem
866 1780 1058 1815 conserunt
1092 1780 1281 1815 thesauros
1315 1780 1481 1815 ciborum
1519 1791 1685 1826 suorum⁷

515 1844 549 1875 et
579 1840 734 1874 multum
763 1839 896 1874 instant
922 1839 1041 1884 operi3
1062 1839 1109 1874 ita
1130 1839 1205 1874 istae
1227 1839 1359 1874 animae
1377 1839 1568 1876 ambulant
1589 1844 1687 1876 recte

513 1899 558 1935 ad
587 1909 696 1934 uuam
726 1899 856 1934 lineam
874 1895 909 1942 (ὅ)
938 1899 972 1933 in
1001 1899 1199 1944 quaerendo
1232 1909 1336 1934 suam
1370 1899 1537 1943 salutem,
1565 1902 1600 1933 et
1631 1902 1686 1933 at-

517 1959 666 1994 tendunt
694 1959 813 1994 locum
842 1958 903 1993 ubi
932 1958 1177 1993 thesaurizent
1213 1958 1247 1993 in
1281 1959 1384 1994 coelo.
1419 1958 1459 1992 Et
1492 1957 1584 1993 sicut
1611 1958 1686 1993 for-

517 2019 618 2053 micae
645 2018 914 2063 praesentientes
941 2018 1066 2064 frigus,
1087 2018 1247 2063 pluviam
1276 2021 1312 2053 et.
1338 2021 1465 2052 ventos
1491 2020 1685 2063 tempesta-

516 2082 604 2122 tum,
632 2078 805 2123 colligunt
832 2088 869 2113 se
896 2078 941 2112 ad
968 2088 1081 2122 casaS‚
1101 2078 1147 2113 ita
1170 2078 1303 2113 animae
1322 2077 1398 2112 ista:
1421 2078 1683 2123 praevenientes

574 2193 599 2222 (¹)
619 2194 647 2216 E.
666 2196 733 2216 secta
752 2194 947 2216 sodomitarum.
1138 2193 1163 2222 {²}
1183 2194 1211 2217 E.
1230 2194 1254 2216 in
1272 2193 1457 2223 improperium
1476 2192 1600 2216 nesandae.

583 2232 599 2258 ¹)
618 2232 645 2254 E.
664 2232 720 2261 quis
738 2231 861 2254 diabolus.
1140 2232 1164 2259 (⁴)
1183 2233 1211 2256 E.
1231 2233 1294 2255 bene
1312 2231 1454 2261 aptandam.

574 2270 599 2299 (⁵)
619 2270 647 2293 E.
665 2270 758 2293 lincam
776 2269 927 2300 inquirendo
946 2271 1029 2292 suam:
