1737 2836
495 263 632 288 CANTL's
657 262 800 288 SExTus.
1167 254 1236 286 419

59 336 192 372 Karolo
223 336 358 371 adiuta.
387 335 470 371 Ideo
504 335 624 370 subdit
651 334 893 369 Justinianus:
922 344 939 367 e
963 336 1051 368 sollo
1078 333 1235 368 l’ombra

59 398 144 431 delle
173 407 274 431 sacre
300 406 426 441 penne,
462 395 606 440 scilicet,
637 395 781 430 alarum
816 405 988 439 suarum,
1024 390 1180 438 yonerno
1213 395 1239 429 z'l

60 458 201 501 mondo,
231 457 288 492 illa
315 456 448 501 aquila,
468 452 491 490 Ιὶ
518 457 553 490 di
580 466 685 490 mano
712 457 747 490 z'n
773 466 891 498 mano,
914 455 1116 490 multorum
1138 455 1238 501 prin-

61 517 194 563 cipum,
215 528 243 561 (1,
263 513 291 551 sl
317 517 530 560 cangiando,
553 515 653 560 idest,
674 515 850 550 mutando
877 518 913 550 et
935 515 1109 550 variando
1129 515 1236 560 vices,

60 579 94 611 in
122 588 162 612 su
189 579 223 611 la
250 579 316 612 mia
338 587 528 622 percemze,
548 575 605 610 illa
632 575 775 620 aquila,
795 578 831 610 et
849 575 897 609 sic
918 575 1132 620 expediebat
1152 575 1236 621 quia

62 641 140 672 erat
168 638 326 671 multum
355 637 509 682 depilata
537 638 572 671 et
600 636 758 671 lacerata
790 635 836 670 ab
867 635 995 670 avibus
1027 636 1151 670 multis
1179 646 1238 671 ra-

62 697 221 743 pacibus.
239 718 286 722 —
304 700 439 732 Cesare.
464 696 527 732 Hic
546 695 769 731 Justinianus
788 695 955 731 describit
984 706 1022 731 se
1049 695 1095 730 ab
1123 695 1238 741 impe-

63 757 141 792 riali
169 757 353 803 dignitate,
381 768 402 792 a
431 756 577 792 nomine
604 755 761 802 proprio,
790 755 836 790 ab
867 765 978 801 opere
1008 755 1238 791 excellentis—

62 816 165 852 simo.
204 816 254 851 Ad
289 817 385 861 quod
423 820 476 852 est
510 816 697 851 sciendum
739 815 835 860 quod
876 815 1099 850 ‚lastinianus
1137 815 1237 851 omni

63 876 198 913 virtute
225 880 261 912 et
288 876 455 912 felicitate
488 876 673 922 refulgens
703 875 830 910 ‚tustini
861 875 994 910 sororis
1027 875 1120 909 filius
1155 886 1239 911 suc-

62 936 167 972 cessit
195 936 348 982 impcrio
379 932 525 979 annot?l
560 935 689 971 Christi
723 935 1016 981 quingentesimo
1052 934 1240 981 trigesimo

64 1000 205 1042 octavo,
226 997 321 1042 quod
346 996 574 1031 laudabiliter
601 995 660 1030 diu
689 995 965 1040 administravit,
985 995 1119 1030 scilicet
1136 995 1240 1030 annis

66 1056 211 1103 triginta
241 1062 333 1092 octo.
362 1057 451 1091 Nam
481 1055 600 1090 statim
621 1065 705 1090 cum
734 1054 932 1100 imperialia
959 1055 1041 1100 jura
1070 1054 1238 1100 suscepit,

65 1116 109 1152 ad
147 1116 393 1162 reparandum
432 1115 640 1161 reipubliczc
675 1118 809 1149 statum
847 1115 1025 1150 convertit
1052 1115 1238 1160 animum,

65 1187 148 1211 nam
170 1176 364 1211 commissa
383 1186 474 1211 cura
494 1175 674 1210 bellorum
699 1175 819 1221 legato
839 1185 916 1219 suo,
937 1174 1011 1220 ipse
1033 1175 1239 1210 convocatis

64 1236 204 1282 magnis
232 1236 454 1282 sapientibus
472 1231 503 1280 *ff*
536 1235 621 1270 viris
648 1235 820 1270 consultis
848 1234 944 1269 dedit
971 1244 1121 1280 operam
1150 1235 1239 1281 legi—

64 1297 132 1332 bus
159 1296 377 1340 ordinandis,
406 1306 566 1341 quarum
596 1299 694 1330 tanta
714 1298 793 1330 erat
815 1295 917 1340 copia
938 1295 1035 1340 quod
1064 1306 1135 1330 non
1163 1295 1240 1330 suf—

65 1357 206 1392 ficiebat
239 1357 309 1391 vita
342 1356 496 1391 hominis
528 1355 573 1391 ad
605 1355 800 1401 legendum
834 1359 869 1390 et
902 1355 994 1401 ipsas
1024 1355 1115 1391 mira
1156 1355 1240 1391 bre-

65 1417 175 1452 vitate
204 1417 347 1452 reduxit
374 1416 418 1451 ad
447 1426 562 1461 pauca
591 1415 788 1460 volumina,
819 1418 857 1449 ut
885 1415 930 1450 de
957 1426 995 1451 se
1023 1419 1130 1461 patet.
1152 1417 1241 1452 Dicit

65 1487 172 1523 ergo:
197 1479 321 1511 cesare
342 1478 407 1521 fui,
428 1476 529 1521 idest,
550 1475 760 1521 imperator,
779 1485 796 1509 e
822 1486 884 1509 son
909 1477 1148 1521 Ge'nsta'mssrmo,·
1176 1487 1241 1511 no—

67 1547 150 1572 men
170 1537 263 1572 bene
282 1536 502 1571 conveniens
523 1546 563 1571 re
582 1539 617 1571 et
638 1535 794 1579 nomine,
812 1535 872 1580 qui
892 1530 926 1578 ¹6⁴²)
943 1536 1082 1581 justitia
1102 1540 1138 1571 et
1155 1537 1242 1582 jure

65 1597 192 1631 orbem
209 1596 446 1631 christianum
470 1595 702 1642 gubernavit,
721 1596 780 1629 clze
802 1596 925 1629 dentre
944 1596 1010 1630 alle
1029 1597 1130 1640 leslyi,
1149 1596 1241 1631 scili-

65 1660 123 1692 cet
150 1656 321 1701 romanis,
350 1657 456 1690 lrassz'
474 1657 497 1690 'l
522 1659 646 1700 troppo
673 1666 690 1689 e
708 1657 731 1689 'l
750 1666 853 1698 rano,
873 1655 975 1700 idest,
996 1656 1155 1691 resecavi
1179 1667 1242 1691 su-

66 1717 205 1762 perssua
227 1720 263 1752 et
290 1716 442 1761 inutilia,
461 1719 496 1751 et
515 1715 633 1751 adhuc
653 1715 759 1750 hodie
778 1718 928 1760 possunt
948 1715 1062 1751 multa
1081 1716 1242 1761 detrahi,

67 1779 99 1811 et
128 1776 230 1811 dicit:
256 1787 322 1820 per
351 1778 444 1810 roler
471 1777 527 1810 del
546 1777 664 1819 primo
692 1785 794 1809 amor
813 1776 862 1809 clz'
878 1777 911 1809 (70
929 1779 1037 1820 seum,
1063 1776 1165 1820 quasi
1189 1776 1243 1810 di-

67 1839 143 1871 cat:
173 1836 360 1870 voluntate
386 1835 504 1869 divina
522 1829 557 1879 iffi
585 1835 768 1881 dignante,
796 1835 901 1870 cuius
928 1836 1084 1881 gratiam
1110 1839 1144 1871 et
1163 1837 1243 1882 glo-

70 1895 159 1931 riam
189 1905 284 1929 nunc
312 1894 426 1930 sentio
446 1894 480 1928 in
500 1894 693 1939 praemium
717 1894 886 1929 laborum
909 1905 1089 1930 meorum.
1107 1916 1154 1920 —-—
1169 1898 1239 1930 Ma.

70 1956 131 1991 Hic
158 1954 381 1989 Justinianus
408 1953 575 1989 describit
604 1954 881 1989 conversionem
910 1965 1034 1999 suam,
1058 1959 1093 1989 et
1124 1955 1243 2000 primo

69 2016 182 2062 tangit
209 2025 388 2058 errorem,
411 2013 539 2049 deinde
558 2017 805 2048 correctorem
831 2014 979 2059 erroris,
1001 2014 1045 2049 ad
1069 2015 1166 2060 quod
1189 2018 1244 2051 est

70 2075 256 2111 sciendum
277 2074 374 2120 quod
393 2068 645 2116 Theodatus‘ffi)
669 2084 731 2108 rex
752 2074 964 2119 gothorum,
985 2074 1045 2119 qui
1064 2075 1164 2120 juste
1189 2079 1242 2111 te-

134 2212 159 2240 (¹)
178 2212 206 2235 E.
225 2219 291 2234 anno
310 2212 484 2241 pretiosi-simi
504 2211 606 2233 Domini
624 2211 703 2233 nostri
722 2211 902 2240 Redemptoris
918 2211 978 2234 Jcsu
996 2211 1088 2235 Christi
1107 2214 1161 2236 5:38.

134 2249 159 2278 (Ἰ)
178 2250 206 2273 Ε.
225 2250 380 2278 sapientibus
393 2248 593 2280 jurisconsultis.
783 2248 808 2278 (⁸)
828 2249 856 2272 Ε.
874 2250 932 2280 quia
947 2249 1052 2280 justitia.

135 2288 160 2317 (¹)
180 2288 208 2311 E.
226 2288 317 2315 «lixum,
336 2288 409 2311 cuius
427 2288 543 2317 gratian).

136 2325 160 2354 ['')
180 2326 207 2348 E.
226 2325 381 2354 Thmdatus,
399 2326 468 2348 omni
487 2325 580 2349 virtute
599 2327 623 2348 ct
642 2324 762 2349 felicitate
781 2326 919 2356 refulgens,
938 2333 990 2350 rex.
