1737 2836
363 244 499 269 CANTL'S
525 243 740 269 TRlGESlMUS
766 242 927 268 TERTIUS.
1154 236 1223 268 279

55 318 215 354 animam
236 328 351 353 suam.
367 319 496 351 -Μα,
517 316 579 351 Ηί0
599 316 745 352 Beatrix
764 315 922 362 assignat
940 325 1089 350 causam
1110 324 1227 360 quare

56 378 140 414 velit
166 378 284 424 ipsum
314 377 453 413 referre
471 386 597 412 secum
619 376 663 411 ad
684 375 863 410 mundum
883 385 924 410 ea
945 384 1027 420 quae
1049 374 1113 409 sibi
1137 374 1228 409 dixit

56 437 230 482 obscure,
250 437 422 482 quoniam
443 436 524 471 licet
544 446 615 470 non
634 435 742 481 possit
762 434 963 481 intelligere
981 434 1090 479 clare,
1106 444 1227 479 neque

56 497 134 532 aliis
169 497 367 541 declarare,
399 495 525 531 saltem
564 494 761 540 reportabit
795 494 907 529 verba
941 493 1037 529 nuda
1071 493 1228 529 velantia

58 557 207 602 factum,
234 557 349 592 donec
376 556 519 592 eveniat
545 554 696 591 effectus
724 554 795 597 rei3
816 556 850 588 et
872 553 921 588 sic
949 553 1076 588 saltem
1105 556 1229 599 porta—

58 617 109 652 bit
136 617 292 663 signum,
320 617 348 651 si
380 626 451 651 non
483 626 572 650 rem.
607 615 696 650 Dicit
727 624 835 660 ergo:
864 616 925 648 Ma
960 615 1073 656 voglio
1101 624 1225 658 (mcor,

59 676 160 721 idest,
197 676 327 720 adbuc,
362 677 419 711 elle
459 679 488 710 te
527 686 569 710 ne
601 676 709 719 porti,
747 674 781 708 id
816 673 913 718 quod
949 672 1020 707 dixi
1061 673 1230 717 obscure,

60 737 173 771 almen
201 737 344 780 dipinto,
375 735 475 779 idest,
503 735 685 781 signatum
714 743 779 779 per
807 733 1005 768 verborum
1033 732 1230 768 difficulta-

61 800 146 841 tem,
183 797 306 831 (leym-0
338 806 360 830 α
391 799 433 838 te,
467 795 502 829 in
534 794 658 830 animo
675 790 724 838 ζ’),
751 804 768 827 e
801 804 836 828 se
869 803 939 827 non
971 794 1101 836 scritto,
1129 793 1231 838 idest,

61 856 228 901 quamvis
258 867 327 891 non
347 856 458 901 possis
477 858 624 901 portare
643 864 727 889 cum
747 854 845 888 claro
866 852 1062 888 intellectu.
1083 853 1125 887 Et
1145 863 1232 888 ecce

60 926 192 961 quare:
222 922 262 952 ut
289 916 396 951 facias
425 925 528 950 more
555 913 879 960 peregrinantium,
899 913 960 958 qui
982 912 1117 947 vadunt
1141 913 1236 948 ultra

59 986 163 1011 mare
189 979 225 1011 et
253 978 438 1021 reportant
466 974 510 1009 de
538 974 659 1019 palma
687 973 722 1007 in
756 973 900 1018 signum
934 972 1031 1017 quod
1064 972 1233 1008 visitave-

62 1039 147 1070 runt
167 1039 303 1071 terram
332 1038 495 1069 sanctam
524 1032 584 1068 ubi
613 1032 799 1068 abundant
818 1033 965 1077 palmae3
985 1035 1020 1066 et
1042 1031 1090 1067 ita
1110 1035 1149 1067 tu
1172 1032 1233 1077 qui

63 1094 255 1130 transivisti
289 1094 403 1129 maria
435 1097 471 1129 et
508 1096 650 1128 montes
688 1095 726 1126 ut
760 1092 924 1127 visitares
957 1091 1061 1126 istam
1097 1095 1234 1127 terram

66 1158 227 1190 sanctam
256 1154 389 1199 poteris
417 1153 556 1188 referre
584 1152 695 1187 verba
718 1162 800 1187 mea
820 1151 855 1186 in
874 1151 1017 1197 signum
1038 1151 1135 1195 quod
1156 1151 1235 1186 fue-

66 1215 114 1249 ris
141 1214 176 1249 in
203 1214 282 1249 loco
309 1217 433 1248 sancto
457 1213 517 1248 ubi
537 1211 718 1247 audiveris
739 1211 914 1255 miranda,
935 1211 1016 1246 licet
1039 1221 1110 1245 non
1130 1211 1235 1246 intel-

66 1274 197 1310 lexeris
225 1274 294 1309 illa.
323 1273 424 1308 Unde
450 1273 552 1308 dicit:
578 1282 643 1316 per
671 1273 748 1315 quel
772 1272 829 1305 eloe
855 1273 885 1305 sc*
910 1281 1004 1313 reccz,
1031 1270 1132 1315 idest,
1152 1281 1237 1316 pro-

67 1337 147 1380 pter
175 1333 261 1368 illud
289 1333 386 1378 quod
414 1335 580 1378 portatur
608 1342 627 1366 a
656 1331 860 1377 peregrino,
884 1333 907 1365 il
932 1331 1069 1365 bordon
1090 1333 1179 1365 Cimo
1201 1332 1239 1366 (li

65 1395 197 1439 palma,
226 1393 323 1427 nude
350 1392 438 1427 tales
466 1391 646 1437 peregrini
680 1394 858 1426 vocantur
885 1390 1074 1436 palmerii,
1102 1393 1137 1426 et
1169 1391 1237 1426 hoc

68 1454 151 1489 volo
174 1456 307 1498 portes,
319 1453 478 1497 percle’z'o
498 1453 618 1495 reggio
637 1455 666 1486 le
687 1454 774 1496 falco
792 1452 828 1486 di
841 1452 957 1495 pietro
976 1452 1051 1485 nell*
1062 1452 1235 1495 intellecto,

69 1517 105 1548 et
133 1524 203 1548 non
232 1512 396 1558 intelligis
424 1512 532 1546 etlam
560 1511 656 1556 quod
684 1511 763 1546 dico
790 1510 835 1545 de
861 1520 957 1555 aqua
989 1510 1078 1544 Elsae
1106 1513 1142 1545 et
1168 1510 1239 1556 Py—

70 1582 185 1617 ramo,
209 1575 240 1606 el
258 1573 292 1606 in
312 1575 448 1615 petram
468 1573 564 1614 timo,
583 1570 685 1615 idest,
705 1570 808 1605 video
837 1573 872 1605 te
899 1569 1045 1616 nigrum
1074 1570 1109 1604 in
1136 1569 1240 1604 intel-

69 1633 179 1677 lectu,
206 1628 234 1666 si
260 1633 318 1666 che
335 1632 359 1665 'l
384 1632 472 1665 lame
496 1632 552 1665 del
577 1631 643 1664 mio
667 1631 755 1664 deuo
782 1630 995 1673 t’abbaylia,
1013 1628 1115 1673 idest,
1135 1629 1240 1663 ablu-

71 1692 167 1728 cinat
181 1694 216 1727 te
231 1691 277 1726 ita
294 1690 391 1736 quod
408 1689 559 1725 materia
579 1700 649 1724 non
668 1693 721 1724 est
739 1689 907 1734 disposita
927 1688 971 1724 ad
992 1688 1239 1734 recipiendum

72 1752 197 1787 lumen
225 1761 362 1785 meum.
391 1750 429 1784 Et
458 1749 578 1783 subdit
605 1752 710 1794 poeta
742 1759 847 1784 suam
883 1748 1155 1794 responsionem
1182 1758 1241 1782 as-

72 1821 196 1847 serens
223 1820 262 1845 se
289 1810 423 1844 habere
450 1809 594 1854 signum
622 1809 773 1843 affixum
803 1808 991 1843 memoria}
1013 1809 1120 1853 Juxta
1146 1818 1241 1853 prae—

73 1871 276 1917 ceptionem
303 1869 392 1913 eius,
420 1869 560 1904 dicens:
597 1872 628 1903 ec
659 1870 706 1912 io,
733 1868 871 1914 supple,
906 1867 1085 1913 respondi,
1114 1869 1146 1901 lo
1174 1868 1242 1901 mio

73 1932 233 1973 cervello,
270 1930 304 1964 in
332 1940 406 1974 quo
433 1932 486 1963 est
514 1928 692 1963 memoria
724 1931 760 1963 et
794 1927 1061 1963 reminiscentia
1096 1937 1241 1972 magna,

74 1989 93 2026 e*
117 2002 159 2025 or
185 1992 322 2033 siynalo
349 1991 396 2024 cla
425 1990 491 2031 υοὶ,
519 1987 604 2033 quia
631 1987 744 2022 verba
771 1987 887 2022 habeo
915 1986 1089 2032 impressa
1118 1985 1240 2030 menti,

75 2051 156 2086 licet
184 2061 254 2085 non
282 2049 491 2095 intelligam,
520 2058 541 2082 a
568 2046 685 2091 simili,
712 2043 740 2081 sl
767 2057 862 2080 come
895 2056 976 2080 cera
1002 2046 1049 2080 (Ia
1075 2046 1243 2089 sthyello,

76 2109 202 2155 supple
229 2109 403 2155 signatur,
426 2109 485 2142 che
511 2118 581 2141 mm
609 2109 778 2141 lrasrmcla
798 2107 831 2140 [α
850 2107 969 2150 figura
987 2106 1157 2149 impressa
1164 2117 1177 2149 ,·
1197 2104 1244 2139 ita

78 2179 145 2204 nec
176 2169 354 2204 memoria
389 2166 645 2203 transmutabit
678 2166 833 2200 sormam
870 2165 1068 2200 verborum
1104 2167 1245 2199 vestro-

143 2299 169 2328 (¹)
190 2301 241 2327 117,
260 2299 284 2321 in
302 2298 387 2321 animo
405 2301 458 2325 tuo,
476 2304 488 2320 e
504 2304 528 2320 se
546 2303 603 2319 non.
