1737 2836
373 254 510 279 CANTLS
538 254 727 279 VlGl-IslML's
753 253 921 279 OCTAVUS.
1166 248 1230 278 'lGl

60 325 160 371 idest,
189 336 261 361 non
290 325 436 361 maioris
468 325 638 371 impetus,
665 327 723 360 clee
754 336 860 360 soave
890 329 1001 369 vento,
1037 325 1152 370 qualis
1180 329 1233 360 est

59 386 241 432 zephyrus
255 390 389 431 noster,
405 385 466 431 qui
485 385 646 421 suaviter
666 386 811 421 adducit
831 385 933 421 nobis
952 386 1059 421 ssores
1078 389 1114 421 et
1133 386 1232 421 fron-

59 446 122 481 des
149 449 316 492 tempore
343 446 446 481 veris,
480 446 523 480 Et
556 446 623 480 hoc
658 446 863 481 manifestat
899 456 963 491 per
997 446 1152 492 signum,
1179 446 1233 481 di—

58 515 162 541 cens:
186 517 253 550 per
280 507 333 540 cm?
358 507 386 540 le
408 506 551 549 fronde,
582 505 674 539 illius
701 505 822 551 sylvae‚
851 507 1067 540 tremolcmdo
1089 510 1228 551 prome,

59 570 137 600 [ulle
163 570 288 610 quante
310 567 521 610 pieqavano,
550 565 635 609 quia
662 565 911 610 sequebantur
934 568 1075 600 motum
1103 576 1231 611 sperae,

59 627 131 660 (clla
155 629 270 669 parte,
298 625 442 668 scilicet,
470 634 598 659 versus
625 624 862 669 occidentem,
887 626 917 659 [ι’
937 626 962 659 il
986 629 1086 659 santo
1106 630 1230 669 monle,

60 686 205 730 scilicet,
222 685 434 732 purgatorii,
449 687 533 728 gilla
556 686 590 719 [α
604 686 724 729 prima
742 685 878 729 ombra,
894 685 1040 730 scilicet,
1056 685 1091 719 in
1111 696 1229 721 mane.

59 745 102 781 Et
129 745 186 780 liic
213 747 297 780 nota
325 745 422 789 quod
450 747 555 790 poeta
582 754 646 790 per
675 745 742 780 hoc
768 744 957 780 moraliter
983 745 1044 780 dat
1071 745 1231 791 intelligi,

60 804 156 850 quod
178 804 213 839 in
233 804 294 839 tali
313 808 409 840 statu
429 805 583 849 virtutis,
603 804 685 840 licet
704 804 813 850 spiret
832 808 962 840 ventus
981 805 1120 850 aliquis,
1141 805 1231 840 idest

59 864 180 909 aliqua
208 864 296 899 levis
324 864 549 910 perturbatio
583 874 664 909 quae
697 874 827 910 parum
861 864 980 909 flectit,
1009 874 1081 899 non
1109 869 1231 900 tamen

60 923 191 970 frangit
219 924 276 959 vel
303 924 497 970 prosternit
524 924 685 969 arbores,
707 934 773 959 nec
796 923 941 969 impedit
967 924 1062 959 viros
1090 924 1230 960 virtuo-

61 994 119 1019 sos
146 995 165 1019 a
194 994 260 1019 suo
288 984 426 1030 placido
453 984 572 1019 officio
601 988 635 1019 et
663 984 848 1019 exercitio.
876 984 960 1019 Ideo
986 984 1080 1019 bene
1112 984 1232 1020 subdit

60 1043 204 1078 frondes
231 1043 322 1087 dico,
350 1054 417 1077 non
450 1040 538 1088 pero
569 1047 699 1088 sparte,
727 1043 828 1088 idest,
855 1043 1062 1089 dispartitae,
1089 1045 1151 1079 dal
1176 1046 1231 1079 lor

61 1113 152 1137 esser
178 1103 295 1146 drino,
323 1103 408 1148 quia
435 1103 546 1138 arbor
577 1103 791 1138 naturaliter
823 1103 935 1138 tendit
969 1107 1067 1139 recte
1103 1114 1231 1139 versus

60 1163 206 1207 coelum,
223 1167 330 1206 tanto,
346 1164 404 1197 elce
421 1165 470 1207 qli
487 1165 657 1206 anyelletlt
671 1174 736 1208 per
755 1165 784 1198 Ie
801 1165 885 1198 cime
906 1165 1090 1198 lasciasser
1107 1165 1229 1208 (ἴομε-

58 1232 125 1259 rar
151 1225 234 1268 oym'
259 1225 313 1258 lor
339 1228 428 1267 arce,
448 1223 548 1268 idest,
568 1224 748 1270 garritum
768 1227 803 1259 et
822 1227 982 1259 cantum.
1003 1224 1044 1258 Et
1068 1224 1123 1259 hic
1145 1227 1230 1259 nota

60 1284 157 1330 quod
184 1294 248 1329 per
280 1294 366 1319 aves
399 1287 498 1319 recte
515 1280 547 1327 C?
582 1283 643 1319 dat
674 1283 820 1329 intelligi
855 1283 952 1318 viros
984 1283 1162 1329 sapientes
1194 1287 1230 1319 et

60 1343 251 1387 virtuosos,
285 1343 347 1388 qui
381 1343 503 1377 volant
538 1353 603 1388 per
635 1343 755 1388 apices
788 1343 977 1387 virtutum,
1013 1346 1048 1378 et
1083 1346 1230 1378 cantant

59 1403 185 1439 laudes
212 1403 286 1438 Deo
314 1413 398 1438 cum
428 1403 559 1437 laetitia.
577 1405 708 1437 -Μα,
729 1402 792 1437 Hic
820 1405 925 1448 pocta
952 1403 1121 1438 describit
1145 1413 1230 1438 can-

59 1466 136 1499 tum
158 1463 301 1497 illarum
322 1462 465 1507 avium3
481 1466 515 1497 et
530 1462 613 1497 (licit
628 1462 799 1506 breviter,
816 1462 913 1507 quod
931 1472 1018 1497 aves
1037 1463 1231 1498 cantabant

59 1522 260 1559 secundum
299 1525 438 1557 motum
476 1522 568 1556 illius
598 1521 694 1557 venti
725 1521 787 1566 qui
824 1522 1050 1567 percutiebat
1086 1522 1230 1558 frondes

57 1582 233 1618 arborum
262 1585 295 1617 et
324 1581 569 1617 resonantiam
592 1581 756 1626 faciebat,
776 1581 867 1617 sicut
893 1585 1024 1616 ventus
1046 1582 1229 1617 orientalis

58 1642 141 1678 facit
158 1637 191 1686 ἒ)
222 1641 256 1676 in
292 1642 410 1687 pineta
446 1641 543 1686 apud
570 1642 794 1676 Ravennam.
823 1641 865 1675 Et
899 1644 952 1676 est
983 1641 1228 1686 propriissima

58 1702 304 1747 comparatio:
332 1702 432 1748 sylva
459 1701 555 1737 enim
584 1701 767 1736 Ravennae
793 1701 901 1736 habet
921 1701 955 1736 in
975 1711 1014 1736 se
1039 1701 1144 1747 pinus
1169 1711 1230 1736 ar-

58 1762 165 1797 bores
183 1761 382 1796 odoriferas
402 1761 492 1796 sicut
511 1760 577 1795 ista
593 1773 600 1805 ς
629 1770 713 1806 quae
740 1761 844 1806 pinus
863 1761 1069 1806 producunt
1088 1762 1230 1796 fructus

59 1821 270 1856 fortissimos
298 1823 478 1866 protectos
500 1820 684 1866 multiplici
703 1821 838 1856 cortice
858 1831 930 1856 non
950 1821 1117 1856 timentes
1142 1821 1228 1865 vim,

60 1881 115 1916 vel
141 1883 392 1926 tempestatem
421 1880 512 1915 sicut
539 1884 575 1915 et
602 1880 778 1916 virtutes:
806 1884 842 1916 et
875 1881 969 1916 sicut
1000 1884 1130 1916 ventus
1165 1891 1229 1916 ve-

59 1940 160 1976 niens
186 1941 232 1975 ab
259 1940 399 1975 oriente
429 1940 539 1985 spirat
575 1939 609 1974 in
642 1939 700 1974 illa
728 1940 839 1985 sylva7
873 1940 919 1974 ita
954 1939 989 1974 in
1024 1940 1101 1974 ista.
1140 1939 1230 1975 Dicit

58 2011 167 2048 ergo:
196 2003 255 2035 Jla
282 2001 471 2043 cantando,
498 1999 566 2034 illae
593 2010 689 2044 aveS,
718 2001 738 2034 l’
754 2011 815 2034 ore
837 2001 963 2044 prime,
987 1999 1131 2044 scilicet,
1159 1999 1228 2035 diei

58 2064 145 2096 tunc
171 2060 363 2107 surgentis,
382 2059 528 2105 quando
558 2059 622 2093 viri
643 2059 799 2105 religiosi
818 2063 964 2094 cantant
986 2059 1158 2104 Primam,
1177 2061 1229 2094 ri—

58 2131 218 2164 ceveano,
238 2121 339 2155 illum
368 2123 531 2163 ventum5
551 2121 645 2154 intra
664 2121 693 2153 le
711 2120 817 2164 foqle‘e
835 2120 893 2153 cleo
913 2123 1034 2154 teman
1060 2119 1229 2162 bordone,

59 2180 160 2225 idest,
188 2180 347 2224 firmum‚
376 2182 441 2215 alle
467 2191 526 2214 sue
552 2181 649 2223 rime,
674 2179 773 2223 idest,
793 2179 927 2224 cantui,
950 2180 1117 2222 bordone,
1137 2166 1237 2222 dico:

122 2308 147 2337 (¹)
166 2307 194 2330 F.
213 2310 282 2330 certe
299 2308 350 2331 dat.
544 2307 568 2336 (²)
587 2307 616 2330 E.
635 2306 695 2331 facit
712 2308 835 2337 impetum
854 2308 879 2330 in
897 2308 990 2337 pineta.

195 2361 230 2380 1v.
1070 2360 1089 2379 ll
