1766 2856
537 231 604 262 186
894 235 1096 260 COMENTUM
1122 234 1340 260 PERGATORII

534 308 670 344 faciunt
690 307 854 342 homines
873 306 909 341 in
929 306 1114 342 infamiam
1131 306 1379 351 foeminarum,
1404 307 1450 340 mi
1467 308 1502 351 fe
1519 306 1705 349 reprendet·

533 370 761 403 l’arclmzento
789 368 914 410 d’Eva,
942 367 1194 412 compatiendo
1219 367 1390 401 humanae
1413 365 1580 409 miseriae,
1602 364 1706 400 euius

533 429 599 463 ista
627 427 693 462 fuit
720 437 841 462 causa.
864 427 907 461 Et
925 427 1080 462 ostendit
1100 426 1344 472 multipliciter
1363 426 1441 461 eius
1460 425 1704 461 temeritatem

533 497 739 534 aggravans
757 486 929 522 delictum
949 496 993 521 ex
1014 486 1135 521 multis
1154 485 1451 521 circumstantiis:
1471 485 1600 531 primo,
1621 484 1705 529 quia

534 551 613 584 erat
641 546 799 591 foemina,
827 552 863 582 et
889 556 954 591 per
980 556 1208 591 consequens
1227 546 1381 581 debebat
1401 555 1480 580 esse
1498 544 1619 579 minus
1638 554 1706 579 au—

532 608 603 644 dax
622 611 770 653 propter
789 606 1036 641 infirmitatem
1057 616 1183 641 sexus:
1212 606 1383 650 secundo⁷
1405 605 1490 650 quia
1509 608 1589 640 erat
1607 605 1702 648 sola3

534 678 618 703 nam
646 667 799 702 societas
827 676 909 711 quae
936 669 1082 711 praestat
1108 665 1300 709 auxilium,
1325 664 1515 700 consilium
1543 667 1578 699 et
1605 664 1707 699 favo-

534 738 627 772 rem,
642 727 732 762 solet
748 727 868 762 facere
884 727 1068 761 hominem
1084 725 1338 761 audaciorem:
1354 725 1472 770 tertio,
1489 725 1574 770 quia
1590 734 1708 770 nuper

534 788 688 823 formata
711 783 769 831 ὣς
805 797 888 821 nam
923 785 1145 831 experientia
1182 786 1271 820 solet
1307 789 1481 831 praestare
1514 784 1705 820 audaciam

534 847 691 891 homiui3
721 849 864 891 quarto,
886 846 969 891 quia
990 849 1069 881 crat
1092 846 1184 880 facta
1202 855 1313 879 manu
1336 844 1466 879 divina.
1487 844 1578 879 Dicit
1596 853 1704 890 ergo:

534 908 591 941 che
605 907 771 951 feminina
789 907 878 949 sola,
899 905 975 940 sine
997 905 1066 940 alia
1086 904 1246 949 foemina,
1267 903 1463 949 inteiligas3
1483 913 1567 938 nam
1592 903 1705 939 habe-

534 966 594 1000 bat
618 966 737 1000 virum
758 965 910 1010 socium,
938 976 955 999 e
976 976 1048 1009 par
1067 963 1147 999 teste*
1160 966 1331 1009 formala,
1350 964 1525 1009 plasmata
1545 963 1622 999 sine
1649 963 1704 998 in—

534 1026 746 1061 strumentis
772 1029 926 1070 naturae,
954 1035 1023 1060 non
1051 1027 1194 1069 sofferse
1221 1025 1257 1059 cli
1281 1028 1357 1058 star
1383 1027 1470 1058 sollo
1496 1024 1595 1058 alcun
1621 1024 1707 1066 velo,

535 1085 678 1130 scilicet,
709 1086 896 1121 honestate
915 1085 971 1120 vel
992 1085 1137 1131 reguia3
1161 1079 1196 1118 [ὰ
1214 1085 1301 1118 dove
1323 1083 1460 1117 ubbidz‘a
1479 1084 1513 1117 [α
1537 1087 1633 1117 {erra
1655 1094 1672 1117 e
1686 1084 1710 1117 'l

534 1146 629 1189 ciclo,
658 1145 758 1189 idest,
786 1145 904 1180 omnis
931 1148 1120 1189 creatura;
1149 1147 1183 1179 et
1212 1143 1246 1178 in
1274 1144 1341 1178 hoc
1370 1142 1484 1188 tangit
1511 1142 1619 1177 aliam
1648 1152 1708 1177 ra-

535 1205 669 1240 tionem
698 1208 824 1240 contra
852 1205 980 1239 Evam:
1005 1214 1088 1239 nam
1117 1204 1144 1238 si
1172 1203 1367 1238 multitudo
1383 1198 1417 1246 (ἢ
1443 1202 1707 1246 subiectorum,

536 1265 591 1300 vel
614 1275 745 1311 magua
765 1275 860 1310 pars,
879 1263 1068 1310 praesumit
1085 1258 1119 1307 (³)
1139 1266 1265 1298 contra
1284 1263 1413 1306 Deum,
1435 1265 1473 1296 ut
1493 1261 1707 1306 plurimum,

534 1325 673 1360 crimen
700 1328 865 1360 remanet
893 1325 1070 1368 inultum3
1098 1323 1161 1359 sed
1194 1323 1279 1368 quia
1312 1322 1418 1356 unica
1452 1321 1585 1356 mulier
1612 1331 1706 1366 prae—

533 1385 686 1430 sumpsit
700 1388 827 1420 contra
842 1384 1016 1419 factorem
1034 1387 1069 1418 et
1088 1383 1358 1418 benefactorem
1375 1391 1497 1425 suum,
1513 1381 1593 1416 ideo
1607 1380 1707 1426 juste

533 1445 605 1480 lata
632 1448 685 1480 est
712 1444 889 1479 sententia
916 1443 951 1477 in
979 1446 1149 1488 agentem
1178 1446 1213 1477 et
1240 1441 1538 1476 consentientem.
1561 1439 1597 1474 Si
1619 1449 1708 1485 ergo

533 1505 599 1540 ista
629 1504 760 1538 mulier
788 1503 823 1537 in
851 1506 949 1537 tauta
978 1502 1198 1547 perfectione
1231 1502 1385 1536 formata
1417 1500 1532 1535 noluit
1559 1499 1708 1535 obedire

534 1567 716 1609 praecepto
731 1562 912 1606 Altissimi,
928 1561 1112 1606 quomodo
1132 1571 1221 1606 ergo
1241 1560 1387 1595 foemina
1406 1560 1452 1594 ab
1476 1559 1623 1595 homine
1642 1568 1707 1604 ge-

534 1626 660 1658 nerata
689 1621 756 1656 crit
784 1621 955 1656 obediens
983 1620 1062 1655 viro
1089 1622 1178 1654 suo?
1201 1620 1241 1653 Et.
1260 1619 1380 1654 subdit
1400 1619 1486 1663 quid
1505 1627 1708 1663 conseque-

534 1682 642 1717 batur
669 1691 712 1716 ex
742 1680 957 1725 obedientia,
985 1680 1126 1715 dicens:
1154 1683 1241 1713 sollo
1261 1680 1284 1713 ’l
1311 1680 1406 1722 qual,
1439 1678 1585 1722 scilicet,
1613 1678 1706 1721 velo,

533 1752 569 1775 se
596 1743 713 1775 silvola
737 1743 829 1785 fosse
854 1745 958 1783 slata,
987 1750 1059 1774 non
1092 1739 1289 1774 temeraria
1316 1742 1489 1784 appetens
1515 1738 1707 1783 prohibita,

535 1803 638 1835 aeria
665 1803 782 1835 senlile
804 1802 923 1844 prima
950 1801 1057 1843 quelle
1084 1799 1248 1843 ineffabili
1270 1800 1403 1841 clelizie,
1425 1798 1470 1833 de
1500 1797 1632 1842 quibus
1655 1797 1709 1832 di-

535 1864 635 1896 ctum
663 1864 717 1895 est
744 1860 961 1906 praecedenti
989 1859 1158 1905 capitulo,
1186 1870 1203 1893 e
1226 1860 1288 1903 poi
1314 1860 1420 1901 lzmgya
1444 1860 1544 1902 fiala,
1564 1868 1629 1904 per
1657 1861 1708 1893 tot

536 1921 669 1956 secula.

609 1981 787 2014 Mentr’io.
808 1980 876 2015 Ista
896 1983 949 2015 est
969 1978 1127 2014 secunda
1147 1988 1230 2023 pars
1251 1977 1431 2024 generalis
1454 1977 1489 2011 in
1510 1987 1582 2021 qua
1601 1980 1706 2022 poeta

538 2043 671 2083 noster,
698 2039 884 2084 descriptis
912 2038 1165 2083 luminaribus,
1193 2037 1361 2073 describit
1390 2036 1538 2082 insignia
1569 2046 1707 2081 praece-

536 2098 655 2133 (letitia
689 2099 892 2134 exercitum
921 2098 1104 2133 militantis
1131 2097 1302 2133 ecclesian
1332 2097 1373 2130 Et
1406 2095 1524 2141 primo
1558 2095 1705 2140 quidem

537 2158 650 2204 tangit
678 2169 792 2192 unum
821 2158 1157 2204 sigimni,i11tlicaiis
1184 2157 1380 2192 adventum
1411 2156 1556 2190 iliorum
1586 2155 1708 2201 signo-

598 2249 623 2277 β)
645 2249 671 2271 E.
690 2248 808 2276 formata,
827 2251 851 2271 et
869 2249 903 2271 sin·
923 2249 1029 2271 modica*
1047 2249 1217 2278 experientia‘,
1235 2255 1292 2278 quae
1310 2248 1375 2271 solet
1394 2247 1519 2277 praebcre.

599 2287 624 2314 (²)
641 2289 683 2310 117
702 2294 715 2309 o
735 2286 762 2309 1⁴3.
782 2289 833 2310 iota
852 2287 1000 2310 muititudo.
1158 2286 1183 2315 (θ)
1202 2286 1230 2309 E.
1250 2286 1381 2316 prmsumit
1398 2287 1486 2308 eontra
1506 2284 1654 2307 Dominum.
