1737 2836
320 211 457 236 CANTL's
484 210 698 235 TRIGESIMUS
725 210 916 235 SECUNDUS.
1136 203 1206 234 247

112 287 221 319 Forse
248 285 280 317 in
310 287 369 317 tre.
397 283 466 317 Ista
493 286 546 318 est
573 282 730 317 secunda
754 293 838 328 pars
864 282 1043 328 generalis
1071 282 1106 316 in
1134 293 1208 327 qua

38 348 142 390 poeta
161 343 329 379 describit
348 342 594 377 fundationem
615 342 806 387 primitivae
825 341 986 377 ecclesiae
1009 341 1203 377 militantis.

38 404 79 439 Et
106 403 222 449 primo
254 402 407 438 ostendit
438 401 592 446 qualiter
620 401 763 436 Beatrix
792 401 975 436 descendit
1005 401 1050 437 de
1081 412 1206 446 curru,

39 473 124 498 cum
157 462 488 508 appropinquarent
521 460 564 495 ad
599 460 769 495 arborem
803 460 860 495 cui
892 460 1094 506 alligandus
1129 464 1209 496 erat

39 532 183 567 currus,
211 522 296 566 quia
324 530 538 556 remansura
566 523 643 554 erat
670 519 714 554 ad
746 519 947 554 custodiam
981 530 1114 555 currus
1148 530 1208 555 re-

40 582 189 617 cedente
208 581 365 627 grypho:
383 584 418 615 et
436 590 502 625 pro
520 578 792 614 continuatione
811 578 923 624 tangit
939 582 1118 623 quantum
1140 579 1207 614 viae

41 641 201 676 fecerant
216 640 360 685 quaudo
376 642 621 685 pervenerunt
635 637 679 673 ad
694 637 877 681 arborem,
895 647 959 683 per
979 648 1089 672 unam
1107 648 1208 673 com-

40 699 265 745 parationem
285 699 435 742 claram,
453 697 594 733 dicens:
615 699 730 731 saeua
749 698 955 742 disfrenata,
972 696 1017 731 ad
1038 700 1207 740 tractum,

37 769 139 803 prese
163 758 259 804 forse
287 762 380 792 lfmlo
407 759 541 802 spa-zio,
572 757 672 801 idest,
705 756 867 791 transivit
897 759 1038 791 tautum
1067 756 1147 801 viae,
1174 758 1210 791 in

42 822 93 853 tre
122 820 200 861 voli,
223 818 323 861 idest,
343 818 378 852 in
405 817 531 862 triplici
555 817 655 862 jactu
688 826 808 860 arcus,
828 820 956 859 quanto
983 826 1128 850 erucam
1154 827 1211 850 re-

42 880 156 923 mosse',
180 879 280 922 idest,
301 881 479 923 quantum
499 887 647 912 eramus
669 876 749 911 sacti
766 876 951 921 longinqui
971 887 992 911 a
1014 876 1093 911 loco
1114 875 1210 910 unde

41 948 295 981 moveramus:
324 937 426 982 quasi
445 936 550 980 dicat,
571 946 636 970 nos
665 939 748 979 tres,
771 936 904 971 scilicet
925 935 1111 980 Mathildis,
1131 935 1211 970 Sta-

40 999 110 1033 tius
137 1001 171 1033 et
198 1008 266 1043 ego
294 997 391 1032 leves
413 997 598 1031 iveramus
627 995 720 1030 sorte
748 1005 812 1040 per
835 998 908 1029 tres
930 995 1132 1029 halistratas
1155 1004 1212 1030 se-

42 1061 194 1103 quentes
221 1067 391 1100 currumg
419 1056 559 1100 quando
587 1056 743 1089 Bealrice
767 1065 870 1098 seese,
901 1054 1001 1098 idest7
1029 1054 1211 1089 descendit

41 1117 85 1152 de
112 1127 224 1152 curru
252 1126 364 1162 prope
386 1116 556 1150 arborem
578 1114 777 1149 maximam
799 1113 997 1159 spoliatam.
1020 1113 1101 1148 Ideo
1124 1114 1211 1148 sub-

41 1176 111 1210 dit:
140 1178 173 1210 io
207 1177 314 1210 sentia
348 1186 370 1209 a
398 1176 470 1209 lulli
496 1184 741 1208 mormorare:
770 1175 918 1217 Adamo,
954 1172 1209 1219 redarguendo

43 1245 128 1271 eum
155 1235 200 1270 de
226 1235 466 1270 inobedientia
494 1237 642 1279 propter
670 1243 780 1278 quam
809 1233 920 1267 arbor
948 1236 1027 1267 erat
1054 1232 1100 1267 ita
1130 1243 1211 1277 spo-

42 1295 136 1339 liata,
152 1294 255 1339 quasi
274 1294 451 1329 dicentes:
475 1293 600 1336 Adam,
618 1292 732 1327 Adam
753 1291 812 1325 ubi
834 1302 882 1336 eS,
904 1291 964 1336 qui
986 1291 1080 1326 suisti
1100 1302 1210 1327 causa

44 1354 130 1388 tanti
158 1354 243 1388 mali
272 1353 453 1398 peccando
478 1352 545 1387 hic.
567 1351 666 1387 Unde
685 1351 788 1385 dicit:
813 1353 873 1395 poe?
898 1352 1088 1394 cereleiaro,
1109 1351 1211 1396 idest,

43 1412 375 1456 circumdederunt,
395 1423 462 1445 ema
479 1413 614 1456 pinum,
630 1411 707 1445 liaec
723 1414 801 1445 erat
822 1410 933 1445 arbor
952 1410 1110 1445 scientiae
1127 1410 1211 1445 boni

42 1477 77 1508 et
114 1473 211 1517 mali,
239 1474 447 1517 (lispoyliata
479 1473 515 1506 (Ii
545 1473 629 1516 fiori
663 1481 679 1504 e
713 1471 849 1504 cl'altrcc
883 1471 1017 1513 fronda
1051 1480 1116 1503 eon
1150 1479 1212 1503 sno

44 1544 157 1567 ναηιο.
187 1533 227 1567 Et
254 1533 302 1567 sic
330 1532 421 1577 vide,
445 1531 542 1577 quod
571 1531 636 1565 ista
664 1530 729 1564 fuit
755 1529 871 1575 prima
899 1529 1056 1563 duarum
1085 1529 1214 1574 despo—

43 1592 235 1627 liationum
262 1592 307 1627 de
341 1592 473 1637 quibus
507 1590 589 1626 dicit
621 1589 711 1624 infra
747 1589 904 1634 capitulo
937 1588 1103 1633 proximo
1131 1598 1214 1633 quae

47 1652 138 1686 sacta
167 1652 229 1686 suit
257 1662 322 1697 per
353 1651 605 1686 Adam—La
635 1651 778 1683 cleioma.
813 1648 875 1683 Hic
907 1651 1014 1693 poeta
1045 1647 1214 1683 describit

45 1711 116 1746 alte
143 1711 247 1746 istam
267 1712 437 1746 arborem
458 1710 504 1746 ab
525 1708 713 1744 altitudine
731 1718 797 1743 sua
818 1718 882 1753 per
901 1707 1211 1752 comparationem

46 1771 208 1816 pulcram
237 1771 493 1806 altissimarum
521 1769 708 1804 arborum.
730 1768 779 1802 Ad
808 1768 912 1802 cuius
940 1767 1213 1813 intelligentiam

46 1833 99 1865 est
126 1829 243 1874 primo
270 1829 470 1873 sciendum,
490 1828 587 1874 quod
605 1828 697 1863 sicut
725 1827 846 1862 scribit
868 1826 1037 1872 Virgilius
1056 1826 1083 1860 II
1102 1826 1215 1861 Geor—

46 1889 225 1935 gicorum,
244 1889 278 1923 in
306 1892 408 1934 parte
435 1888 554 1932 Indice,
573 1898 655 1932 quae
682 1890 736 1921 est
757 1887 862 1931 Juxta
891 1896 1071 1921 oceanum
1095 1885 1215 1919 orien-

47 1949 154 1984 talem
175 1948 334 1983 nascitur
360 1947 470 1982 arbor
489 1950 598 1981 tantm
621 1945 818 1980 altitudinis
841 1945 937 1990 quod
958 1945 1055 1979 nulla
1078 1944 1215 1990 sagipta

47 2008 141 2044 valet
167 2008 345 2054 attingere
379 2007 625 2041 summitatem
660 2005 749 2049 eius,
782 2005 863 2039 licet
898 2005 966 2039 siut
1006 2004 1051 2038 ibi
1092 2003 1217 2049 optimi

47 2068 293 2115 sagiptatores.
320 2069 363 2102 Et
388 2066 557 2102 describit
576 2065 704 2100 deinde
724 2064 893 2110 Virgilius
919 2064 1025 2099 aliam
1045 2064 1216 2098 arborem

48 2127 198 2163 alterius
226 2127 419 2172 provinciae
447 2125 640 2168 orientalis,
661 2124 805 2168 scilicet,
824 2124 957 2169 MecHae,
978 2134 1060 2169 quac
1083 2127 1136 2158 est
1157 2133 1218 2157 ar-

48 2189 115 2223 bor
142 2187 321 2222 simillima
348 2188 453 2222 lauro
481 2186 515 2220 in
545 2184 731 2219 frondibus
759 2187 794 2219 et
821 2184 946 2228 odore,
968 2183 1076 2218 habet
1097 2186 1217 2217 tamen

52 2247 228 2282 maiorem
256 2246 426 2281 odorem:
455 2247 531 2280 haec
558 2248 681 2280 autem
709 2243 819 2279 arbor
851 2243 1025 2278 mirabilis
1052 2242 1218 2288 producit
