1766 2856
517 257 585 290 306
908 261 1111 286 COMENTUM
1137 260 1302 285 PAnAnisl

512 335 605 370 duce
627 344 709 380 quae
728 333 772 368 de
795 333 916 377 asello,
938 332 1003 367 nisi
1022 332 1205 378 scriptoris
1225 331 1444 367 heneficium
1464 332 1687 368 subveniret.

515 395 668 431 Scientia
688 403 777 439 ergo
798 393 957 427 multum
978 393 1144 428 honestat
1164 392 1401 437 nobilitatem,
1422 396 1458 427 et
1479 392 1573 428 bene
1595 396 1690 427 stant

514 455 630 490 simul.
655 453 755 489 Unde
783 452 930 488 scientia
950 453 1142 488 literarum
1173 456 1207 488 et
1232 462 1424 487 armorum
1449 452 1572 488 militia
1593 463 1690 489 sem-

515 525 579 560 per
598 514 755 548 inventae
773 516 857 547 sunt
876 513 971 558 apud
987 523 1127 558 graecos
1147 516 1182 548 et
1202 512 1348 547 latinos:
1366 512 1445 547 ideo
1466 512 1559 548 bene
1573 512 1690 558 Scipio

517 574 704 609 Africanus
726 572 948 608 clarissimus
970 572 1223 618 cupidissimus
1239 572 1365 618 gloriae
1385 575 1508 617 poetas
1524 572 1579 607 sui
1598 576 1691 607 tem-

516 634 612 680 poris
639 633 800 668 maxime
827 633 938 668 coluit
965 637 1001 668 et
1027 633 1161 677 dilexit,
1186 636 1220 667 et
1247 636 1332 668 ante
1360 632 1448 668 alios
1476 632 1603 668 habuit
1630 643 1692 668 ca-

518 705 599 729 rum
629 693 785 728 Ennium
818 696 975 738 poetam,
1005 703 1117 738 quem
1146 702 1291 738 semper
1324 692 1449 728 habuit
1482 692 1622 728 socium
1657 692 1693 727 in

517 754 686 790 omnibus
713 753 825 798 belliS,
854 757 887 788 et
917 756 1047 788 testem
1076 763 1228 788 suarum
1257 763 1382 788 rerum
1416 762 1562 798 semper
1589 752 1693 788 lateri

517 825 584 850 suo
612 815 830 857 lncrentem3
859 816 894 848 et
921 813 1072 848 demum
1101 812 1158 848 die
1185 812 1359 858 triumphi
1387 812 1517 857 duplici
1541 812 1694 847 Cartha-

515 875 598 921 gine
627 875 719 909 victa
746 873 945 909 ascendens
964 873 1180 918 Capitolium
1200 872 1315 908 victor
1338 873 1526 908 laureatus
1546 873 1693 908 laurea-

517 938 594 969 tum
624 934 726 968 illum
755 943 880 968 secum
910 933 1043 968 retulit.
1072 934 1224 978 Insuper
1246 936 1281 968 et
1305 932 1399 967 illius
1419 932 1512 967 senis
1532 932 1693 978 effigiem

515 993 627 1039 sculpi
656 993 738 1028 fecit
765 993 800 1027 iu
827 993 995 1038 sepulcro
1015 992 1223 1038 Scipionum
1239 993 1347 1038 Juxta
1367 992 1564 1038 imaginem
1587 1002 1692 1028 suam

519 1057 554 1090 et
573 1053 712 1088 fratris:
741 1053 796 1088 vir
822 1056 922 1088 certe
949 1053 1090 1099 dignior
1113 1053 1273 1088 Homero
1296 1056 1332 1087 et
1354 1052 1502 1098 Virgilio
1525 1062 1694 1097 praecone

522 1125 633 1159 quam
665 1113 800 1158 Ennio:
834 1113 1019 1158 quoniam,
1048 1116 1088 1147 ut
1119 1113 1168 1148 ait
1203 1112 1362 1157 Ovidius,
1391 1114 1522 1147 Ennius
1559 1114 1695 1156 z'nyem'o

523 1176 710 1219 natavimus,
741 1177 818 1209 arte
843 1175 952 1208 rudis.
986 1174 1038 1208 De
1070 1173 1175 1208 cuius
1206 1172 1306 1208 dictis
1342 1183 1494 1218 carpens
1526 1173 1695 1219 Virgilius

522 1235 639 1270 fertur
665 1234 815 1270 dixisse:
851 1235 926 1277 Ieyo
954 1243 1078 1268 aarum
1115 1234 1149 1267 in.
1183 1236 1334 1267 stercore
1366 1234 1478 1267 Εηηῖιῗ.
1507 1231 1577 1268 Sed
1609 1243 1697 1269 ecce

521 1294 630 1329 coluit
658 1305 750 1339 quos
778 1293 911 1340 potuit;
940 1293 1002 1328 sed
1029 1293 1093 1328 Dei
1120 1292 1236 1339 gratia
1258 1292 1437 1338 principes
1462 1292 1574 1329 nostri
1603 1296 1697 1328 tem—

519 1354 616 1400 poris
642 1354 687 1390 de
714 1355 782 1390 hoc
800 1365 932 1400 parum
955 1357 1096 1388 curant.
1125 1354 1311 1399 Augustus
1331 1363 1432 1397 vero,
1456 1363 1530 1398 quo
1549 1353 1603 1388 sol
1622 1353 1697 1389 cla-

520 1414 655 1449 riorem
685 1425 755 1449 non
784 1413 870 1449 vidit
899 1413 932 1448 in
961 1413 1061 1458 orbe,
1090 1416 1125 1448 et
1153 1413 1227 1458 ipse
1256 1423 1411 1459 magnus
1440 1415 1546 1458 poeta
1573 1416 1699 1458 poetas

521 1484 667 1509 summe
694 1473 831 1509 amavit
859 1478 894 1509 et
923 1472 1133 1517 honoravit3
1158 1472 1238 1508 ideo
1267 1476 1353 1507 tunc
1381 1472 1485 1507 multi
1513 1475 1549 1507 et
1576 1472 1699 1519 magni

522 1537 638 1580 poetae
658 1534 883 1577 claruerunt,
904 1533 995 1567 sicut
1014 1532 1184 1578 Virgilius
1204 1533 1314 1577 Maro,
1334 1532 1476 1567 Marcus
1498 1531 1606 1577 Varo,
1626 1532 1699 1567 Ho—

522 1594 635 1629 ratius
661 1594 821 1637 Flaccus,
842 1592 989 1627 Ovidius
1009 1593 1114 1636 Naso,
1136 1592 1329 1633 Quintilius
1351 1591 1480 1637 Varus,
1510 1591 1700 1627 Cornelius

522 1654 655 1698 Gallus,
684 1653 826 1687 Asinius
854 1652 978 1696 Pollio,
1006 1655 1042 1686 et
1074 1651 1132 1686 alii
1167 1651 1324 1696 plurimi.
1354 1651 1450 1697 Ergo
1478 1651 1699 1687 nobilissima

523 1713 670 1749 scientia
707 1712 1014 1747 nobilissimorum
1051 1711 1254 1757 principum
1294 1711 1519 1757 temporibus
1558 1711 1622 1746 suit
1664 1712 1700 1747 in

523 1774 649 1820 pretio.
683 1773 827 1809 Poetria
860 1773 970 1819 igitur
999 1784 1092 1817 qum,
1126 1775 1216 1807 teste
1254 1771 1478 1817 philosopho,
1510 1772 1556 1807 ab
1588 1771 1700 1807 animi

525 1834 708 1870 nobilitate
736 1833 908 1878 manavit,
939 1833 1051 1879 viguit
1076 1832 1194 1878 primo
1222 1832 1257 1867 iu
1285 1831 1424 1868 Graecia
1453 1832 1619 1867 omnium
1647 1833 1701 1868 di-

523 1894 756 1940 sciplinarum
777 1894 875 1928 sonte
893 1896 977 1928 ante
997 1892 1257 1938 philosophiam
1275 1895 1310 1927 et
1329 1902 1476 1927 omnem
1493 1892 1700 1928 scientiam:

524 1954 622 2000 prior
649 1953 745 1989 enim
774 1953 840 1988 fuit
874 1953 1056 1988 llomerus
1089 1956 1124 1988 et
1159 1951 1378 1997 Pronapides
1408 1951 1581 1998 magister
1609 1952 1700 1997 eius,

524 2014 699 2049 Pindarus
733 2019 768 2050 et
803 2013 1011 2058 Sophocles,
1039 2023 1151 2057 quam
1178 2012 1398 2057 Aristoteles,
1427 2012 1539 2057 Plato,
1567 2012 1701 2058 Pytha—

523 2085 643 2121 goras,
663 2074 900 2120 Anaxagoras
927 2077 962 2108 et
989 2073 1048 2108 alii
1068 2072 1284 2118 philosophi:
1305 2071 1501 2107 *similiter
1523 2071 1619 2118 apud
1640 2082 1701 2107 ro-

524 2145 651 2169 manos
678 2134 739 2168 ‹liu
768 2134 918 2168 suerunt
946 2133 981 2168 in
1009 2133 1149 2168 honore
1176 2135 1292 2178 poetae
1316 2132 1416 2178 prius
1445 2143 1556 2177 quam
1585 2132 1701 2178 philo-

525 2190 723 2238 sophisst'),
752 2196 790 2227 ut
826 2193 953 2229 asserit
988 2185 1137 2238 Tullius,
1170 2192 1289 2239 primo
1323 2192 1634 2237 Tusculanarum3
1666 2195 1702 2228 et

588 2323 613 2352 (¹)
632 2323 665 2345 Le
685 2322 771 2352 parole
790 2322 828 2345 sra
847 2323 853 2345 i
872 2323 920 2346 due
939 2323 1070 2346 :nu—riserit
1089 2330 1133 2346 sou
1152 2323 1262 2353 supplile
1280 2323 1318 2346 dai
1336 2322 1420 2346 Codici
1440 2324 1452 2346 »ί
1469 2329 1483 2345 e
1502 2322 1615 2346 Eslense.
