1737 2836
472 242 609 268 CANTUS
637 242 830 268 SECUNDUS.
1163 238 1232 271 353

58 311 103 347 ad
132 315 312 357 centrum,
341 316 376 348 et
408 313 496 348 radii
529 313 612 348 solis
643 310 962 359 profundantur&
998 325 1063 360 per
1090 319 1231 352 tantum

58 371 215 417 spatium
243 372 335 408 intra
363 383 496 418 corpus
523 373 638 408 lunae:
664 373 746 408 hinc
773 377 827 409 est
854 374 951 419 quod
979 375 1015 410 in
1042 376 1235 422 superficie

58 431 93 467 in
120 436 224 478 parte
252 444 334 468 rara
362 443 433 468 non
461 433 597 468 faciunt
616 433 850 479 luciditatem,
871 434 945 470 imo
964 436 1084 481 potius
1103 447 1234 482 quam-

57 491 141 527 dam
169 492 363 538 umbram;
390 492 448 528 alii
475 496 601 528 autem
628 493 783 538 planeta}
802 494 887 538 quia
911 495 1127 531 remotiores
1149 499 1233 531 sunt

56 562 78 587 a
106 552 208 587 nobis
235 557 319 588 sunt
346 553 523 598 puriores,
544 556 579 588 et
605 553 686 588 ideo
712 563 777 599 per
805 557 917 589 totam
937 565 1042 591 suam
1062 556 1233 592 substan-

57 612 144 647 tiam
173 617 412 658 penetrantur
438 624 458 649 a
487 613 625 649 lumine
652 613 734 649 solis
753 624 773 649 a
794 614 986 659 superficie
1014 615 1049 650 in
1076 616 1231 662 superfi—

56 672 149 707 ciem
186 682 251 718 per
287 677 453 708 centrum
491 683 689 719 corporum
726 683 901 719 suorum,
937 674 1034 710 unde
1069 675 1104 710 in
1140 686 1233 721 qua-

57 741 219 777 cumque
245 737 349 779 parte
378 734 499 769 radius
526 734 609 769 solis
633 734 775 780 attingit
798 745 860 770 eos
887 735 1007 771 statim
1035 735 1233 782 implentur

57 792 205 828 lumine.
235 793 334 828 Luna
363 798 489 829 autem
518 798 571 830 est
595 794 715 829 minus
734 805 826 840 pura
853 798 889 830 et
916 795 1024 831 habet
1051 797 1232 832 modicam

57 853 257 898 raritatem,
282 864 364 899 quae
392 854 509 889 solum
538 855 746 890 extenditur
767 865 884 900 usque
905 859 1086 891 centrum.
1102 877 1150 882 —-
1169 859 1230 892 Or.

56 913 159 948 Nunc
186 913 329 949 Beatrix
351 915 427 948 vult
448 914 656 960 improbare
675 915 882 951 instantiam
905 916 980 951 sive
999 917 1232 962 solutionem,

57 983 140 1018 quae
167 977 286 1018 posset
313 973 390 1009 fieri
410 977 536 1009 contra
555 978 819 1021 argumentum
838 986 964 1020 suum,
985 975 1070 1021 qnia
1090 979 1234 1022 poterat

58 1032 180 1068 dicere
206 1037 314 1068 autor
341 1037 377 1069 et
405 1044 503 1078 vere,
528 1034 625 1079 quod
655 1034 775 1070 radius
802 1035 885 1070 solis
913 1039 1054 1071 tantum
1083 1037 1234 1082 prosun-

56 1092 165 1128 datur
192 1093 285 1128 intra
313 1093 429 1138 ipsum
463 1104 595 1139 corpus
632 1094 738 1139 lunae,
767 1095 863 1140 quod
897 1099 1046 1141 propter
1081 1097 1231 1133 nimiam

58 1152 325 1198 elongationem
355 1157 390 1188 et
419 1153 658 1189 remotionem
691 1158 842 1200 apparet
875 1155 1072 1191 nebulosus
1099 1157 1134 1192 in
1169 1168 1232 1192 su—

58 1212 204 1258 perficie
230 1213 336 1248 lunae.
366 1214 494 1260 Tangit
521 1224 610 1260 ergo
637 1214 781 1249 Beatrix
811 1215 927 1261 primo
962 1216 1068 1251 istam
1096 1217 1233 1253 instan-

58 1273 157 1318 tiam,
175 1273 316 1309 dicens:
340 1276 391 1309 Or
409 1275 504 1309 (ῐιῖναί
521 1277 568 1318 lu,
588 1274 731 1320 scilicet,
752 1278 878 1310 contra
899 1276 1076 1312 rationem
1098 1287 1232 1322 meam,

56 1333 156 1367 che’l
184 1335 326 1377 ra99i0,
362 1334 507 1379 scilicet,
543 1334 627 1369 solis
663 1335 832 1379 reflexus,
865 1337 896 1370 si
930 1337 1100 1371 (innostra
1132 1340 1231 1381 tetro,

56 1392 157 1437 idest,
184 1393 396 1438 obscurum,
421 1395 526 1438 quivi,
554 1394 698 1439 scilicet,
728 1394 763 1429 in
792 1405 888 1440 raro,
912 1393 972 1440 ρίιί
1000 1397 1058 1431 elce
1082 1398 1119 1431 in
1145 1398 1233 1432 altre

51 1454 163 1497 parci,
189 1453 324 1488 scilicet
356 1453 485 1498 densis,
515 1465 580 1498 per
611 1465 704 1488 esser
733 1456 888 1499 rifrallo,
923 1455 1023 1500 idest,
1062 1457 1232 1502 reflexus,

56 1508 78 1546 Ιὶ
101 1510 162 1556 [ὶὶιί
188 1524 210 1547 α
237 1517 345 1557 retro,
374 1513 474 1558 idest,
495 1514 611 1560 magis
637 1524 658 1549 a
684 1514 802 1560 longe,
823 1514 908 1560 quia
922 1515 1029 1561 juxta
1049 1520 1230 1552 centrum.

57 1572 98 1607 Et
125 1572 244 1607 subdit
270 1583 309 1608 se
337 1573 625 1618 improbaturam
657 1574 760 1609 istam
793 1574 999 1610 instantiam
1031 1586 1094 1621 per
1121 1587 1233 1622 expe-

56 1633 225 1668 rientiam
254 1643 392 1678 veram,
419 1633 559 1669 dicens:
588 1636 802 1678 esperienza,
821 1635 879 1670 elce
904 1637 999 1670 suole
1019 1647 1112 1671 esser
1137 1638 1232 1681 some

55 1694 92 1728 αι’
115 1694 184 1728 rivi
209 1694 246 1727 di
273 1697 384 1728 vostre
411 1694 493 1736 arci,
521 1693 606 1738 quia
634 1693 777 1739 scilicet,
808 1694 1032 1740 experientia
1059 1695 1144 1732 facit
1170 1706 1231 1731 ar-

57 1757 143 1798 tem,
170 1753 262 1788 sicut
298 1753 376 1788 fons
403 1753 538 1798 rivum,
562 1749 632 1798 ριιὸ
664 1754 876 1799 deliberant,
908 1754 1008 1800 idest,
1040 1755 1232 1791 absolvere

56 1817 102 1858 te,
130 1814 167 1847 di
187 1816 305 1857 questa
331 1813 518 1855 irascanzia,
538 1813 682 1858 scilicet,
702 1824 799 1850 nunc
826 1814 931 1860 facta,
949 1826 985 1850 se
1001 1817 1172 1859 mammae?
1196 1817 1232 1850 la

53 1874 194 1918 pruovi,
209 1872 310 1917 idest,
326 1872 354 1907 si
383 1872 469 1908 velis
498 1872 549 1907 uti
576 1883 619 1908 ea
638 1884 704 1918 pro
723 1873 968 1910 declaratione
998 1879 1070 1910 tua.
1087 1895 1135 1899 —
1154 1878 1229 1910 Tre.

56 1933 119 1969 Hic
146 1932 290 1968 Beatrix
320 1932 403 1967 facit
428 1932 776 1968 demonstrationem
795 1930 831 1978 (²)
856 1944 973 1979 suam,
994 1937 1029 1969 et
1048 1935 1125 1969 vult
1146 1934 1232 1969 bre-

57 1993 150 2029 viter
161 1987 196 2036 (3)
208 1992 329 2028 dicere
345 1991 442 2037 quod
461 1991 628 2027 distantia
647 1992 726 2037 loci,
739 1993 907 2037 quamvis
925 1993 1031 2028 saciat
1049 1993 1231 2029 diversam

56 2052 305 2099 apparentiam
334 2051 369 2086 in
397 2051 610 2096 quantitate,
639 2051 731 2087 sicut
756 2052 933 2088 maiorem
960 2053 1015 2088 vel
1039 2053 1231 2098 minorem,

56 2123 130 2148 non
156 2115 279 2147 tamen
303 2111 338 2145 in
357 2110 542 2156 qualitate,
563 2110 708 2156 scilicet,
729 2111 826 2156 quod
849 2122 913 2157 per
935 2112 1139 2147 distantiam
1163 2112 1232 2148 loci

57 2172 118 2207 lux
148 2182 219 2207 non
247 2174 363 2216 potest
390 2181 567 2216 apparere
594 2171 738 2206 umbra.
758 2171 800 2206 Et
825 2171 874 2207 sic
894 2173 970 2207 vult
992 2172 1113 2208 dicere
1132 2172 1229 2218 quod

120 2300 145 2329 (¹)
163 2300 192 2323 E.
211 2299 410 2329 perfunduntur.
490 2300 515 2329 (Ἴ)
534 2302 555 2327 -t,
574 2299 782 2323 declarationem.
858 2300 884 2329 (⁸)
903 2301 931 2324 E.
950 2307 964 2324 e
981 2303 1003 2329 4,
1022 2300 1215 2325 sententialiter.

192 2352 229 2373 lv.
1070 2354 1097 2373 23
