1737 2836
345 233 480 259 CANTUS
508 232 722 257 TRlGESlML'S
749 231 940 257 SECUNDUS.
1159 225 1225 256 251

61 308 101 339 ut
126 305 290 340 omnium
327 308 517 350 poetarum
550 304 723 349 figmenta
762 304 940 347 omittam,
968 306 1003 338 et
1038 302 1225 338 historiam

61 375 186 400 veram
219 368 253 399 et
285 364 495 410 allegoriam
533 373 679 408 sequar,
708 364 771 398 suit
805 364 935 399 mulier
968 363 1085 398 forma
1101 359 1136 407 (⁴)
1165 362 1229 398 de—

59 434 157 468 cora,
186 424 329 470 ingenio
361 423 498 466 nobilis,
528 433 610 467 quae
637 433 658 457 a
685 422 773 458 Jove
810 433 944 469 magno
978 422 1144 458 adultero
1167 421 1232 457 de-

59 483 185 519 florata
214 483 418 529 virginitate
445 482 539 517 facta
566 485 618 517 est
647 482 843 517 meretrix:
873 482 953 517 ideo
980 482 1074 517 bene
1100 481 1232 517 dicitur

59 546 200 578 mutata
219 543 253 577 in
273 552 432 586 vaccam,
452 544 487 577 et
510 541 639 576 tradita
666 543 763 587 Argo
787 541 1033 585 custodienda,
1056 544 1157 586 rapta
1177 540 1232 575 di-

58 603 152 637 citur
179 613 200 637 a
228 602 417 646 Mercurio,
445 601 528 646 quia
558 611 666 637 nemo
694 604 747 636 est
774 604 848 636 tam
871 604 1039 647 argutus,
1063 601 1230 635 oculatus

58 666 93 697 et
120 665 262 697 astutus
290 661 350 706 qui
379 661 572 696 mulierem
605 661 724 696 valeat
757 660 940 696 custodire
976 660 1022 695 ab
1056 659 1230 694 insidiosis

56 721 196 757 artibus
222 721 401 765 Mercurii,
430 721 491 766 qui
523 721 620 766 viget
654 720 873 765 eloquentia,
901 719 1033 754 astutia
1068 722 1104 754 et
1131 719 1230 754 omni

57 791 193 828 genere
231 781 374 816 surtivae
410 781 575 816 malitiae:
612 780 691 816 ideo
726 780 818 815 bene
852 779 984 814 dicitur
1019 778 1231 824 apposuisse

57 841 106 876 illi
139 841 268 876 asilum
305 840 373 875 sub
408 840 575 883 caudam,
612 840 712 884 idest,
746 840 934 874 stimulum
967 838 1129 883 libidinis,
1158 848 1231 883 quo

61 904 245 947 pungente
271 901 330 935 diu
360 911 452 946 vaga
479 901 657 935 discurrit.
691 900 750 934 Est
780 899 878 934 enim
906 898 1016 933 asilus
1042 898 1117 943 apis
1145 907 1228 942 quae

62 960 244 1006 supposita
275 959 400 995 caudae
432 960 532 994 bovis
564 959 645 994 facit
676 959 777 993 illum
807 958 941 993 furiose
973 967 1126 992 currere
1163 966 1227 1002 per

64 1021 178 1055 multa
200 1019 383 1063 milliaria;
411 1019 491 1054 ideo
519 1019 611 1054 bene
640 1028 696 1054 res
724 1028 795 1053 non
823 1019 973 1053 honesta
992 1017 1153 1051 colorata
1176 1019 1229 1051 est

62 1080 130 1115 sub
152 1080 301 1114 honesta
330 1078 472 1113 fictione
499 1082 534 1113 et
562 1078 741 1113 velamine
768 1077 909 1112 sabulae.
934 1077 1016 1111 Haec
1036 1076 1145 1122 igitur
1169 1075 1229 1110 diu

61 1142 190 1186 vagata
224 1149 288 1184 per
323 1138 463 1182 orbem,
492 1138 615 1172 multis
642 1137 823 1183 percursis
850 1136 1052 1182 provinciis,
1079 1136 1226 1171 tandem

60 1198 204 1234 devenit
236 1198 270 1232 in
297 1198 515 1244 AEgyptum3
545 1197 604 1232 ubi
634 1197 767 1232 semina
794 1206 913 1243 graeca
942 1196 1084 1241 sapiens
1110 1195 1231 1230 docuit

60 1258 233 1305 aegyptios
268 1257 433 1293 homines
467 1257 663 1292 imbecilles
695 1255 938 1302 superstitioni
975 1258 1078 1300 aptos
1111 1255 1232 1290 colere

60 1329 180 1365 agros,
208 1321 241 1353 et
270 1328 315 1353 ex
352 1317 516 1363 frugibus
545 1326 673 1362 panem
701 1316 906 1351 conticere:
936 1319 971 1350 et
1000 1315 1096 1359 quod
1123 1315 1230 1360 longe

61 1378 214 1413 nobilius
242 1377 307 1412 snit
334 1376 430 1411 (ledit
457 1387 594 1411 novum
623 1386 730 1411 usum
759 1376 948 1411 literarum
976 1375 1052 1409 illis.
1079 1375 1231 1419 Propter

61 1448 144 1483 quae
180 1440 252 1471 tam
288 1436 500 1471 excellentia
528 1446 636 1481 opera
667 1446 738 1470 non
765 1446 810 1470 ex
844 1434 982 1470 Graecia
1009 1434 1137 1468 Isidem
1166 1443 1230 1468 ve—

62 1497 166 1541 nisse,
186 1496 246 1531 sed
269 1506 314 1531 ex
342 1496 434 1531 coelo
457 1495 626 1530 cecidisse
649 1495 714 1530 sibi
733 1495 986 1538 credideruntg
1008 1494 1103 1528 unde
1127 1497 1160 1528 et
1183 1493 1230 1527 illi

61 1557 179 1592 adhuc
207 1555 340 1591 viventi
369 1555 576 1590 tribuerunt
602 1555 740 1590 divinos
768 1556 934 1590 honores.
961 1553 1063 1589 Modo
1083 1553 1127 1588 ad
1147 1562 1231 1598 pro-

62 1617 217 1662 positum
246 1616 323 1650 vult
349 1615 469 1650 dicere
498 1617 622 1660 poeta:
650 1615 742 1650 sicut
770 1615 888 1660 Argus
914 1614 1063 1649 audiens
1085 1614 1227 1649 Mercu-

62 1676 157 1710 rium
186 1675 390 1721 pulsantem
418 1674 637 1710 obdormivit
666 1674 774 1709 nimia
802 1674 1051 1718 delectatione,
1079 1674 1126 1709 ita
1151 1673 1225 1719 ipse

61 1735 172 1770 nimia
205 1735 395 1770 dulcedine
434 1738 563 1769 cantus
597 1734 708 1769 auditi
748 1733 976 1769 obdormivit.
1014 1734 1056 1767 Et
1089 1733 1138 1767 sic
1175 1736 1228 1768 est

61 1795 196 1840 optima
223 1794 448 1839 comparatio
474 1793 518 1828 de
545 1797 650 1839 poeta
679 1797 802 1828 nostro
829 1793 874 1827 ad
895 1792 1046 1838 Argum,
1070 1802 1229 1837 quorum

62 1857 219 1898 uterque
245 1853 381 1898 sopitus
408 1855 461 1888 est
487 1853 677 1888 dulcedine
699 1863 842 1898 magna.
866 1852 970 1887 Nunc
996 1851 1041 1886 ad
1068 1851 1230 1886 literam:

63 1914 172 1948 Poeta
187 1912 299 1958 tangit
318 1912 435 1958 ipsum
457 1915 618 1956 cantum,
633 1912 772 1947 dicens:
796 1914 833 1945 Io
852 1922 921 1946 non
941 1912 973 1945 lo
990 1912 1086 1944 incest
1104 1912 1232 1952 l’z'mzo,

63 1973 163 2017 idest,
191 1972 336 2007 laudem
364 1972 438 2007 Deo
457 1971 628 2015 debitam,
646 1972 704 2006 che
723 1972 835 2014 quella
853 1974 963 2014 (lente,
983 1980 1064 2015 quae
1086 1980 1230 2004 reman—

65 2036 162 2068 serat
188 2032 234 2067 ibi
262 2032 357 2068 circa
384 2043 549 2076 currum,
577 2033 668 2065 altor
695 2034 855 2074 cantaro,
883 2041 957 2076 prae
992 2029 1126 2076 gaudio
1156 2040 1232 2064 ma-

62 2103 145 2138 gno,
173 2103 190 2127 e
224 2094 282 2136 qui
307 2104 376 2127 mm
404 2094 434 2127 σι’
458 2094 488 2127 si
514 2095 630 2134 canta,
649 2091 733 2136 quia
759 2090 836 2126 talis
864 2090 1021 2135 hymnus
1048 2100 1120 2124 non
1147 2099 1234 2124 can—

65 2155 162 2187 tatur
189 2153 224 2187 in
252 2152 389 2187 mundo
421 2152 499 2196 isto,
531 2151 587 2186 vel
625 2161 695 2185 non
730 2153 897 2185 cantatur
933 2149 1000 2193 hic,
1028 2148 1129 2193 idest,
1163 2158 1235 2183 non

128 2280 154 2309 ζ’)
173 2280 202 2303 E.
221 2279 332 2303 formosa
349 2282 374 2303 et
392 2280 492 2303 decora.
