1737 2836
506 242 643 268 οὓτω
670 242 812 267 munins.
1175 233 1243 265 305

68 326 160 359 cam,
176 315 358 350 salubrius
377 314 608 361 gubernavit,
624 317 659 349 et
673 313 809 349 diutius
828 313 961 349 tenuit:
982 315 1124 348 tantum
1145 312 1242 348 enim

68 375 259 421 imperavit
299 379 477 420 quantum
515 374 636 410 Caesar
672 373 777 418 vixit,
810 373 944 409 scilicet
978 372 1242 419 quinquaginta

67 446 130 472 sex
157 435 270 470 annis.
300 435 421 470 Caesar
448 444 537 480 ergo
570 433 713 469 videtur
747 443 827 469 esse
844 430 877 477 (¹)
908 432 1056 478 quidam
1079 442 1244 478 praecur—

67 506 127 531 sor
154 494 394 540 imperatoris,
418 494 509 529 sicut
536 493 693 539 Baptista
717 493 783 527 suit
805 503 1011 538 praecursor
1032 492 1240 528 Salvatoris.

67 556 109 590 Et
136 555 192 590 hic
220 558 304 590 nota
340 554 432 590 bene
468 553 566 599 quod
597 557 703 599 poeta
740 553 795 588 hic
830 553 960 588 merito
987 552 1240 597 conqueritur,

68 615 165 661 quod
192 615 241 650 sic
268 614 463 650 cessaverit
499 613 614 660 gloria
648 613 942 658 triumphorum,
971 622 1058 647 nam
1087 622 1241 647 romano

68 675 231 721 imperio,
263 678 301 709 ut
328 674 432 709 multi
460 674 617 709 illustres
644 673 802 709 historici
829 672 1004 717 scribunt,
1024 672 1110 707 nihil
1128 672 1242 707 defuit

68 734 133 770 nisi
162 734 346 770 modicum
374 734 542 779 orientis,
571 733 677 769 hodie
704 743 792 769 vero
820 733 906 768 nihil
934 732 1043 768 habet
1069 731 1135 767 nisi
1162 741 1243 766 mo-

67 795 187 830 dicum
216 794 422 839 occidentis,
445 797 479 830 et
506 794 593 829 illud
621 793 735 840 magis
763 793 910 828 nomine
929 803 1041 838 quam
1070 802 1129 837 re,
1153 802 1238 827 cum

68 858 189 890 tamen
218 864 390 900 magnam
417 853 608 889 materiam
629 853 831 889 habeamus
850 852 1136 898 triumphorum,
1155 861 1241 887 cum

64 915 184 950 hostes
211 914 293 949 fidei
320 917 468 949 teneant
502 913 606 959 quasi
642 916 759 948 totum
793 912 973 948 orientem
1009 915 1045 947 et
1080 910 1242 946 maxime

66 978 205 1010 terram
226 976 400 1018 sanctam,
420 973 465 1008 de
484 969 603 1018 quof)
622 972 860 1018 conqueritur
879 971 961 1006 alibi
979 971 1015 1006 in
1029 971 1096 1006 isto
1111 970 1240 1006 eodem

65 1034 168 1070 libro.
197 1034 351 1069 Romani
377 1038 503 1070 autem
532 1033 663 1079 pagani
696 1033 791 1067 ultra
823 1035 1004 1067 trecentos
1036 1030 1240 1076 triumphos

66 1095 152 1129 olim
180 1097 342 1140 egerant,
371 1093 517 1138 quando
544 1092 643 1127 Titus
671 1093 729 1128 ille
756 1102 862 1127 amor
890 1091 1081 1126 hominum
1109 1089 1242 1125 trium-

66 1155 179 1200 phum
206 1153 308 1189 duxit
335 1152 379 1188 de
406 1152 670 1199 Hierosolyma,
698 1162 772 1197 quo
800 1151 922 1186 nullus
949 1150 1081 1186 clarior
1108 1149 1175 1185 fuit
1202 1149 1238 1184 in

67 1214 168 1259 orbe,
197 1217 237 1248 ut
264 1213 387 1249 scribit
413 1212 543 1248 diffuse
574 1216 610 1248 et
640 1213 737 1248 clare
771 1211 949 1257 Josephus
979 1210 1024 1246 de
1054 1210 1149 1246 bello
1176 1210 1239 1255 ju-

66 1275 179 1311 daico.
208 1274 336 1310 Noster
364 1284 452 1309 vero
480 1273 680 1319 imperator
707 1272 863 1307 liberum
891 1274 1031 1317 patrem
1054 1270 1147 1305 colit.
1177 1270 1238 1305 Est

66 1339 190 1371 autem
219 1334 426 1380 triumphus
454 1334 569 1368 honor
596 1332 738 1368 debitus
765 1331 848 1367 duci
875 1341 941 1376 pro
960 1329 1111 1365 victoria
1130 1340 1152 1365 a
1174 1329 1240 1365 tri—

65 1396 144 1442 plici
171 1405 307 1442 genere
333 1403 488 1440 pompae,
517 1392 603 1438 quia
635 1393 835 1438 imperator
862 1391 897 1426 in
929 1401 1043 1426 curru
1076 1393 1193 1426 tracto
1219 1400 1241 1425 a

65 1459 224 1502 quatuor
243 1454 347 1500 equis
369 1453 527 1489 intrabat
547 1453 677 1488 urbem
698 1452 845 1487 indutus
866 1450 987 1486 tunica
1008 1450 1116 1495 Jovis,
1131 1450 1240 1496 juxta

64 1516 150 1551 illud
172 1515 305 1551 Ovidii:
327 1517 476 1558 qualitor
495 1515 529 1548 ιή
548 1515 654 1548 niveis·
673 1523 801 1547 aureus
822 1512 893 1546 ibat
912 1512 1005 1555 equis
1016 1523 1030 1555 ,·
1049 1514 1085 1546 et
1108 1520 1236 1546 omnes

64 1576 194 1622 captivi
222 1575 320 1610 ibant
347 1577 432 1609 ante
465 1584 619 1609 currum
654 1572 924 1618 triumphalem,
953 1574 989 1606 et
1016 1570 1081 1605 sibi
1115 1570 1241 1606 venie-

64 1636 151 1672 bant
179 1635 325 1670 obviam
353 1644 438 1669 cum
467 1643 601 1679 magno
628 1633 757 1678 plausu
786 1635 821 1667 et
848 1630 969 1666 laetitia
997 1633 1146 1665 senatus
1173 1640 1241 1675 po-

66 1696 248 1742 pulusque
275 1703 459 1729 romanus.
488 1693 592 1728 Nunc
620 1702 708 1728 vero
730 1691 936 1727 sacerdotes
959 1690 1071 1725 nostri
1096 1693 1239 1735 tempo-

67 1756 115 1791 ris
133 1755 209 1791 sine
227 1754 320 1790 bello
344 1753 578 1799 triumphant,
594 1752 687 1788 sicut
706 1751 862 1787 vidimus
882 1751 1016 1786 multos
1035 1749 1237 1786 cardinales

67 1816 203 1851 intrare
230 1814 430 1850 Bononiam
460 1824 531 1848 non
559 1817 612 1848 est
647 1813 719 1847 diu.
749 1812 800 1847 De
836 1811 1021 1857 triumpho
1055 1820 1127 1846 non
1160 1810 1240 1845 dico

67 1877 184 1922 plura,
200 1875 285 1921 quia
308 1875 424 1909 multa
439 1874 516 1919 jam
535 1873 629 1909 dicta
651 1876 735 1908 sunt
753 1871 960 1918 Purgatorii
979 1870 1155 1916 capitulis,
1175 1869 1236 1904 ubi

66 1936 197 1972 dicitur
224 1935 268 1970 de
295 1933 488 1979 triumphis
507 1933 669 1977 Caesaris,
689 1936 725 1968 et
744 1931 805 1966 ubi
827 1931 958 1966 dicitur
981 1930 1025 1965 (le
1047 1928 1240 1974 triumphis

66 1995 237 2042 Scipionis
264 1998 300 2030 et
328 1992 493 2040 Augusti,
521 1996 556 2027 et
582 1992 702 2028 adhuc
728 1991 869 2027 dicetur
889 1990 972 2026 alibi
992 1990 1028 2024 in
1047 1989 1114 2024 isto
1136 1988 1239 2023 libro.

64 2057 106 2092 Et
132 2055 234 2091 dicit:
264 2065 284 2089 o
314 2057 429 2088 Poeta.
459 2053 511 2088 Ad
539 2051 635 2097 quod
663 2055 716 2087 est
744 2051 897 2087 ulterius
924 2049 1123 2085 notandum
1144 2046 1242 2093 quod

65 2116 197 2151 Dantes
225 2114 485 2150 convenienter
512 2113 573 2148 dat
600 2115 745 2158 poetam
775 2112 809 2146 in
837 2111 976 2146 socium
1004 2109 1153 2156 principi
1174 2108 1242 2143 sub

66 2176 194 2212 eodem
223 2175 371 2217 honore,
400 2173 486 2218 quia
520 2173 578 2207 illa
611 2172 706 2207 sama
740 2171 808 2207 erit
836 2171 870 2205 in
898 2169 999 2205 brevi
1031 2169 1075 2205 de
1107 2177 1241 2215 magno

129 2309 153 2337 ι’)
172 2307 201 2330 E.
219 2306 294 2330 fuisse
312 2305 391 2335 quasi.
403 2317 431 2321 —
446 2306 466 2332 ί,
486 2304 562 2327 fuisse
579 2303 691 2333 quidam.
821 2300 846 2330 ζ’)
865 2301 893 2324 E.
911 2300 941 2323 de
959 2307 1010 2330 quo
1027 2302 1110 2329 poeta.

200 2360 235 2380 IV.
1082 2353 1108 2373 20
