<?xml version="1.0" encoding="UTF-8"?>
<!DOCTYPE html PUBLIC "-//W3C//DTD XHTML 1.0 Transitional//EN"
    "http://www.w3.org/TR/xhtml1/DTD/xhtml1-transitional.dtd">
<html xmlns="http://www.w3.org/1999/xhtml" xml:lang="en" lang="en">
 <head>
  <title>
</title>
<meta http-equiv="Content-Type" content="text/html;charset=utf-8" />
  <meta name='ocr-system' content='tesseract 3.04.00' />
  <meta name='ocr-capabilities' content='ocr_page ocr_carea ocr_par ocr_line ocrx_word'/>
</head>
<body>
  <div class='ocr_page' id='page_1' title='image "./comentumsuperdan04benvuoft_0476.png"; bbox 0 0 1766 2856; ppageno 0'>
   <div class='ocr_carea' id='block_1_1' title="bbox 495 267 1287 298">
    <p class='ocr_par' dir='ltr' id='par_1_1' title="bbox 495 267 1287 298">
     <span class='ocr_line' id='line_1_1' title="bbox 495 267 1287 298; baseline -0.009 0"><span class='ocrx_word' id='word_1_1' title='bbox 495 267 565 298; x_wconf 81' lang='grc'><strong>456</strong></span> <span class='ocrx_word' id='word_1_2' title='bbox 889 268 1093 294; x_wconf 81' lang='lat' dir='ltr'><strong>coMENTUM</strong></span> <span class='ocrx_word' id='word_1_3' title='bbox 1119 267 1287 292; x_wconf 77' lang='lat' dir='ltr'><strong>PARAnisi</strong></span> 
     </span>
    </p>
   </div>
   <div class='ocr_carea' id='block_1_2' title="bbox 486 339 1683 2378">
    <p class='ocr_par' dir='ltr' id='par_1_2' title="bbox 486 339 1683 2378">
     <span class='ocr_line' id='line_1_2' title="bbox 493 339 1673 388; baseline -0.005 -8"><span class='ocrx_word' id='word_1_4' title='bbox 493 348 667 388; x_wconf 75' lang='lat' dir='ltr'><strong>nostram,</strong></span> <span class='ocrx_word' id='word_1_5' title='bbox 687 339 715 377; x_wconf 70' lang='lat' dir='ltr'><strong>si</strong></span> <span class='ocrx_word' id='word_1_6' title='bbox 733 343 792 377; x_wconf 70' lang='lat' dir='ltr'><strong>elle</strong></span> <span class='ocrx_word' id='word_1_7' title='bbox 810 351 878 375; x_wconf 75' lang='lat' dir='ltr'><strong>non</strong></span> <span class='ocrx_word' id='word_1_8' title='bbox 906 342 937 375; x_wconf 72' lang='lat' dir='ltr'><strong>sl</strong></span> <span class='ocrx_word' id='word_1_9' title='bbox 949 344 1053 385; x_wconf 79' lang='lat' dir='ltr'><strong>puole</strong></span> <span class='ocrx_word' id='word_1_10' title='bbox 1071 344 1185 375; x_wconf 73' lang='lat' dir='ltr'><strong>carcer</strong></span> <span class='ocrx_word' id='word_1_11' title='bbox 1204 341 1375 384; x_wconf 69' lang='lat' dir='ltr'><strong>yiammat&#39;</strong></span> <span class='ocrx_word' id='word_1_12' title='bbox 1392 341 1440 375; x_wconf 80' lang='lat' dir='ltr'><strong>ad</strong></span> <span class='ocrx_word' id='word_1_13' title='bbox 1463 341 1591 374; x_wconf 77' lang='lat' dir='ltr'><strong>alcuna</strong></span> <span class='ocrx_word' id='word_1_14' title='bbox 1613 350 1673 374; x_wconf 79' lang='lat' dir='ltr'><strong>ne-</strong></span> 
     </span>
     <span class='ocr_line' id='line_1_3' title="bbox 491 400 1673 450; baseline -0.003 -11"><span class='ocrx_word' id='word_1_15' title='bbox 491 405 621 450; x_wconf 68' lang='lat' dir='ltr'><strong>quizia,</strong></span> <span class='ocrx_word' id='word_1_16' title='bbox 642 403 741 446; x_wconf 76' lang='lat' dir='ltr'><strong>idest,</strong></span> <span class='ocrx_word' id='word_1_17' title='bbox 770 411 849 437; x_wconf 87' lang='lat' dir='ltr'><strong>rem</strong></span> <span class='ocrx_word' id='word_1_18' title='bbox 877 401 1060 446; x_wconf 76' lang='lat' dir='ltr'><strong>iniquam3</strong></span> <span class='ocrx_word' id='word_1_19' title='bbox 1089 400 1193 445; x_wconf 84' lang='lat' dir='ltr'>quasi</span> <span class='ocrx_word' id='word_1_20' title='bbox 1220 400 1333 436; x_wconf 89' lang='lat' dir='ltr'><strong>dicat:</strong></span> <span class='ocrx_word' id='word_1_21' title='bbox 1364 410 1436 436; x_wconf 88' lang='lat' dir='ltr'><strong>non</strong></span> <span class='ocrx_word' id='word_1_22' title='bbox 1462 403 1581 446; x_wconf 87' lang='lat' dir='ltr'><strong>potest</strong></span> <span class='ocrx_word' id='word_1_23' title='bbox 1608 410 1673 446; x_wconf 88' lang='lat' dir='ltr'><strong>ap-</strong></span> 
     </span>
     <span class='ocr_line' id='line_1_4' title="bbox 492 459 1672 510; baseline -0.004 -11"><span class='ocrx_word' id='word_1_24' title='bbox 492 464 624 510; x_wconf 90' lang='lat' dir='ltr'><strong>petitus</strong></span> <span class='ocrx_word' id='word_1_25' title='bbox 651 463 686 497; x_wconf 92' lang='lat' dir='ltr'><strong>in</strong></span> <span class='ocrx_word' id='word_1_26' title='bbox 715 461 817 497; x_wconf 82' lang='lat' dir='ltr'><strong>nobis</strong></span> <span class='ocrx_word' id='word_1_27' title='bbox 845 471 924 497; x_wconf 88' lang='lat' dir='ltr'><strong>esse</strong></span> <span class='ocrx_word' id='word_1_28' title='bbox 951 470 1157 507; x_wconf 71' lang='lat' dir='ltr'><strong>perversus.</strong></span> <span class='ocrx_word' id='word_1_29' title='bbox 1178 460 1221 495; x_wconf 93' lang='lat' dir='ltr'><strong>Et</strong></span> <span class='ocrx_word' id='word_1_30' title='bbox 1244 460 1300 496; x_wconf 73' lang='lat' dir='ltr'><strong>liic</strong></span> <span class='ocrx_word' id='word_1_31' title='bbox 1324 463 1410 496; x_wconf 90' lang='lat' dir='ltr'><strong>nota</strong></span> <span class='ocrx_word' id='word_1_32' title='bbox 1437 459 1535 505; x_wconf 92' lang='lat' dir='ltr'><strong>quod</strong></span> <span class='ocrx_word' id='word_1_33' title='bbox 1562 459 1672 495; x_wconf 90' lang='lat' dir='ltr'><strong>etiam</strong></span> 
     </span>
     <span class='ocr_line' id='line_1_5' title="bbox 486 521 1675 571; baseline -0.004 -11"><span class='ocrx_word' id='word_1_34' title='bbox 486 524 624 571; x_wconf 85' lang='lat' dir='ltr'><strong>justitia</strong></span> <span class='ocrx_word' id='word_1_35' title='bbox 654 524 816 558; x_wconf 88' lang='lat' dir='ltr'><strong>humana</strong></span> <span class='ocrx_word' id='word_1_36' title='bbox 844 521 1041 568; x_wconf 85' lang='lat' dir='ltr'><strong>aliqnando</strong></span> <span class='ocrx_word' id='word_1_37' title='bbox 1077 521 1161 557; x_wconf 84' lang='lat' dir='ltr'><strong>facit</strong></span> <span class='ocrx_word' id='word_1_38' title='bbox 1194 521 1336 557; x_wconf 90' lang='lat' dir='ltr'><strong>animos</strong></span> <span class='ocrx_word' id='word_1_39' title='bbox 1371 521 1563 556; x_wconf 89' lang='lat' dir='ltr'><strong>hominum</strong></span> <span class='ocrx_word' id='word_1_40' title='bbox 1595 530 1675 556; x_wconf 90' lang='lat' dir='ltr'><strong>esse</strong></span> 
     </span>
     <span class='ocr_line' id='line_1_6' title="bbox 492 580 1673 627; baseline -0.003 -7"><span class='ocrx_word' id='word_1_41' title='bbox 492 587 680 620; x_wconf 86' lang='lat' dir='ltr'><strong>contentos</strong></span> <span class='ocrx_word' id='word_1_42' title='bbox 708 583 743 618; x_wconf 87' lang='lat' dir='ltr'><strong>in</strong></span> <span class='ocrx_word' id='word_1_43' title='bbox 771 583 1010 619; x_wconf 74' lang='lat' dir='ltr'>diminutione</span> <span class='ocrx_word' id='word_1_44' title='bbox 1038 581 1095 617; x_wconf 63' lang='lat' dir='ltr'><strong>vel</strong></span> <span class='ocrx_word' id='word_1_45' title='bbox 1123 581 1374 617; x_wconf 78' lang='lat' dir='ltr'>subtractione</span> <span class='ocrx_word' id='word_1_46' title='bbox 1401 581 1554 627; x_wconf 65' lang='lat' dir='ltr'><strong>praemii,</strong></span> <span class='ocrx_word' id='word_1_47' title='bbox 1580 580 1673 616; x_wconf 88' lang='lat' dir='ltr'><strong>sicut</strong></span> 
     </span>
     <span class='ocr_line' id='line_1_7' title="bbox 494 641 1674 691; baseline -0.003 -11"><span class='ocrx_word' id='word_1_48' title='bbox 494 645 608 691; x_wconf 90' lang='lat' dir='ltr'><strong>patuit</strong></span> <span class='ocrx_word' id='word_1_49' title='bbox 635 655 745 690; x_wconf 91' lang='lat' dir='ltr'><strong>supra</strong></span> <span class='ocrx_word' id='word_1_50' title='bbox 774 644 809 679; x_wconf 87' lang='lat' dir='ltr'><strong>in</strong></span> <span class='ocrx_word' id='word_1_51' title='bbox 837 643 1010 678; x_wconf 82' lang='lat' dir='ltr'><strong>militibus</strong></span> <span class='ocrx_word' id='word_1_52' title='bbox 1039 642 1200 678; x_wconf 89' lang='lat' dir='ltr'><strong>liberatis</strong></span> <span class='ocrx_word' id='word_1_53' title='bbox 1229 653 1252 678; x_wconf 93' lang='lat' dir='ltr'><strong>a</strong></span> <span class='ocrx_word' id='word_1_54' title='bbox 1286 642 1508 687; x_wconf 76' lang='lat' dir='ltr'><strong>Cincinnato,</strong></span> <span class='ocrx_word' id='word_1_55' title='bbox 1542 641 1674 687; x_wconf 85' lang='lat' dir='ltr'><strong>quibus</strong></span> 
     </span>
     <span class='ocr_line' id='line_1_8' title="bbox 495 701 1675 750; baseline -0.003 -10"><span class='ocrx_word' id='word_1_56' title='bbox 495 716 567 741; x_wconf 87' lang='lat' dir='ltr'><strong>uon</strong></span> <span class='ocrx_word' id='word_1_57' title='bbox 588 704 685 740; x_wconf 90' lang='lat' dir='ltr'><strong>dedit</strong></span> <span class='ocrx_word' id='word_1_58' title='bbox 707 708 849 750; x_wconf 85' lang='lat' dir='ltr'><strong>partem</strong></span> <span class='ocrx_word' id='word_1_59' title='bbox 877 703 1020 749; x_wconf 76' lang='lat' dir='ltr'><strong>praedae‚</strong></span> <span class='ocrx_word' id='word_1_60' title='bbox 1040 702 1102 748; x_wconf 88' lang='lat' dir='ltr'><strong>qui</strong></span> <span class='ocrx_word' id='word_1_61' title='bbox 1123 705 1247 738; x_wconf 87' lang='lat' dir='ltr'><strong>tamen</strong></span> <span class='ocrx_word' id='word_1_62' title='bbox 1266 703 1486 738; x_wconf 73' lang='lat' dir='ltr'><strong>laetabantur</strong></span> <span class='ocrx_word' id='word_1_63' title='bbox 1513 702 1558 738; x_wconf 89' lang='lat' dir='ltr'><strong>de</strong></span> <span class='ocrx_word' id='word_1_64' title='bbox 1585 701 1675 737; x_wconf 87' lang='lat' dir='ltr'><strong>libe—</strong></span> 
     </span>
     <span class='ocr_line' id='line_1_9' title="bbox 496 761 1676 810; baseline -0.003 -9"><span class='ocrx_word' id='word_1_65' title='bbox 496 766 636 801; x_wconf 79' lang='lat' dir='ltr'><strong>ratione</strong></span> <span class='ocrx_word' id='word_1_66' title='bbox 657 776 741 810; x_wconf 86' lang='lat' dir='ltr'><strong>sua;</strong></span> <span class='ocrx_word' id='word_1_67' title='bbox 771 765 886 800; x_wconf 91' lang='lat' dir='ltr'><strong>multo</strong></span> <span class='ocrx_word' id='word_1_68' title='bbox 915 764 1031 810; x_wconf 82' lang='lat' dir='ltr'><strong>magis</strong></span> <span class='ocrx_word' id='word_1_69' title='bbox 1058 763 1113 798; x_wconf 89' lang='lat' dir='ltr'><strong>isti</strong></span> <span class='ocrx_word' id='word_1_70' title='bbox 1133 767 1394 799; x_wconf 85' lang='lat' dir='ltr'><strong>contentantur</strong></span> <span class='ocrx_word' id='word_1_71' title='bbox 1413 763 1458 798; x_wconf 83' lang='lat' dir='ltr'><strong>de</strong></span> <span class='ocrx_word' id='word_1_72' title='bbox 1477 761 1676 798; x_wconf 72' lang='lat' dir='ltr'><strong>salvatione</strong></span> 
     </span>
     <span class='ocr_line' id='line_1_10' title="bbox 495 823 1675 871; baseline -0.003 -10"><span class='ocrx_word' id='word_1_73' title='bbox 495 837 572 871; x_wconf 78' lang='lat' dir='ltr'><strong>sua,</strong></span> <span class='ocrx_word' id='word_1_74' title='bbox 593 826 673 861; x_wconf 83' lang='lat' dir='ltr'><strong>lieet</strong></span> <span class='ocrx_word' id='word_1_75' title='bbox 696 825 812 871; x_wconf 77' lang='lat' dir='ltr'><strong>gloria</strong></span> <span class='ocrx_word' id='word_1_76' title='bbox 833 825 1037 859; x_wconf 83' lang='lat' dir='ltr'><strong>multorum</strong></span> <span class='ocrx_word' id='word_1_77' title='bbox 1066 824 1101 859; x_wconf 88' lang='lat' dir='ltr'><strong>in</strong></span> <span class='ocrx_word' id='word_1_78' title='bbox 1128 824 1221 859; x_wconf 78' lang='lat' dir='ltr'><strong>coelo</strong></span> <span class='ocrx_word' id='word_1_79' title='bbox 1241 823 1285 859; x_wconf 89' lang='lat' dir='ltr'><strong>sit</strong></span> <span class='ocrx_word' id='word_1_80' title='bbox 1306 823 1433 859; x_wconf 85' lang='lat' dir='ltr'><strong>maior.</strong></span> <span class='ocrx_word' id='word_1_81' title='bbox 1455 823 1497 858; x_wconf 91' lang='lat' dir='ltr'><strong>Et</strong></span> <span class='ocrx_word' id='word_1_82' title='bbox 1515 823 1675 859; x_wconf 76' lang='lat' dir='ltr'>declarat</span> 
     </span>
     <span class='ocr_line' id='line_1_11' title="bbox 496 883 1675 931; baseline -0.003 -10"><span class='ocrx_word' id='word_1_83' title='bbox 496 887 562 921; x_wconf 85' lang='lat' dir='ltr'><strong>hoc</strong></span> <span class='ocrx_word' id='word_1_84' title='bbox 590 896 654 931; x_wconf 90' lang='lat' dir='ltr'><strong>per</strong></span> <span class='ocrx_word' id='word_1_85' title='bbox 681 885 847 931; x_wconf 86' lang='lat' dir='ltr'><strong>pulcram</strong></span> <span class='ocrx_word' id='word_1_86' title='bbox 882 888 918 920; x_wconf 91' lang='lat' dir='ltr'><strong>et</strong></span> <span class='ocrx_word' id='word_1_87' title='bbox 952 884 1136 930; x_wconf 78' lang='lat' dir='ltr'><strong>propriam</strong></span> <span class='ocrx_word' id='word_1_88' title='bbox 1171 883 1486 930; x_wconf 78' lang='lat' dir='ltr'><strong>comparationem</strong></span> <span class='ocrx_word' id='word_1_89' title='bbox 1513 883 1675 919; x_wconf 84' lang='lat' dir='ltr'><strong>diversa—</strong></span> 
     </span>
     <span class='ocr_line' id='line_1_12' title="bbox 496 943 1677 991; baseline -0.002 -11"><span class='ocrx_word' id='word_1_90' title='bbox 496 956 579 981; x_wconf 89' lang='lat' dir='ltr'><strong>rum</strong></span> <span class='ocrx_word' id='word_1_91' title='bbox 610 956 755 991; x_wconf 69' lang='lat' dir='ltr'><strong>vocum,</strong></span> <span class='ocrx_word' id='word_1_92' title='bbox 784 956 866 991; x_wconf 83' lang='lat' dir='ltr'><strong>quae</strong></span> <span class='ocrx_word' id='word_1_93' title='bbox 894 945 989 981; x_wconf 88' lang='lat' dir='ltr'><strong>bene</strong></span> <span class='ocrx_word' id='word_1_94' title='bbox 1024 945 1307 991; x_wconf 70' lang='lat' dir='ltr'><strong>proportionatae</strong></span> <span class='ocrx_word' id='word_1_95' title='bbox 1334 944 1370 979; x_wconf 89' lang='lat' dir='ltr'><strong>in</strong></span> <span class='ocrx_word' id='word_1_96' title='bbox 1397 947 1508 979; x_wconf 87' lang='lat' dir='ltr'><strong>cantu</strong></span> <span class='ocrx_word' id='word_1_97' title='bbox 1542 943 1677 979; x_wconf 86' lang='lat' dir='ltr'><strong>faciunt</strong></span> 
     </span>
     <span class='ocr_line' id='line_1_13' title="bbox 497 1004 1676 1052; baseline -0.002 -11"><span class='ocrx_word' id='word_1_98' title='bbox 497 1006 701 1041; x_wconf 87' lang='lat' dir='ltr'><strong>mirabilem</strong></span> <span class='ocrx_word' id='word_1_99' title='bbox 732 1006 938 1042; x_wconf 75' lang='lat' dir='ltr'><strong>melodiam.</strong></span> <span class='ocrx_word' id='word_1_100' title='bbox 967 1006 1055 1041; x_wconf 78' lang='lat' dir='ltr'><strong>Dicit</strong></span> <span class='ocrx_word' id='word_1_101' title='bbox 1085 1016 1194 1052; x_wconf 85' lang='lat' dir='ltr'><strong>ergo:</strong></span> <span class='ocrx_word' id='word_1_102' title='bbox 1223 1006 1360 1040; x_wconf 64' lang='lat' dir='ltr'><strong>diverse</strong></span> <span class='ocrx_word' id='word_1_103' title='bbox 1389 1006 1475 1048; x_wconf 65' lang='lat' dir='ltr'><strong>coci,</strong></span> <span class='ocrx_word' id='word_1_104' title='bbox 1498 1004 1534 1039; x_wconf 87' lang='lat' dir='ltr'><strong>in</strong></span> <span class='ocrx_word' id='word_1_105' title='bbox 1563 1004 1676 1039; x_wconf 89' lang='lat' dir='ltr'><strong>choro</strong></span> 
     </span>
     <span class='ocr_line' id='line_1_14' title="bbox 493 1065 1675 1112; baseline -0.002 -10"><span class='ocrx_word' id='word_1_106' title='bbox 493 1067 717 1112; x_wconf 80' lang='lat' dir='ltr'><strong>canentium7</strong></span> <span class='ocrx_word' id='word_1_107' title='bbox 743 1069 806 1112; x_wconf 79' lang='lat' dir='ltr'><strong>san</strong></span> <span class='ocrx_word' id='word_1_108' title='bbox 836 1068 970 1102; x_wconf 72' lang='lat' dir='ltr'><strong>diverse</strong></span> <span class='ocrx_word' id='word_1_109' title='bbox 997 1070 1087 1110; x_wconf 77' lang='lat' dir='ltr'><strong>noce,</strong></span> <span class='ocrx_word' id='word_1_110' title='bbox 1115 1076 1199 1111; x_wconf 71' lang='lat' dir='ltr'><strong>quae</strong></span> <span class='ocrx_word' id='word_1_111' title='bbox 1232 1065 1455 1101; x_wconf 87' lang='lat' dir='ltr'><strong>concordant</strong></span> <span class='ocrx_word' id='word_1_112' title='bbox 1485 1065 1532 1100; x_wconf 87' lang='lat' dir='ltr'><strong>ad</strong></span> <span class='ocrx_word' id='word_1_113' title='bbox 1558 1075 1675 1100; x_wconf 90' lang='lat' dir='ltr'><strong>unum</strong></span> 
     </span>
     <span class='ocr_line' id='line_1_15' title="bbox 494 1123 1676 1172; baseline -0.002 -10"><span class='ocrx_word' id='word_1_114' title='bbox 494 1130 666 1172; x_wconf 78' lang='lat' dir='ltr'><strong>cantum3</strong></span> <span class='ocrx_word' id='word_1_115' title='bbox 699 1123 781 1172; x_wconf 66' lang='lat' dir='ltr'><strong>cosi,</strong></span> <span class='ocrx_word' id='word_1_116' title='bbox 817 1127 917 1172; x_wconf 80' lang='lat' dir='ltr'><strong>idest,</strong></span> <span class='ocrx_word' id='word_1_117' title='bbox 952 1127 1000 1162; x_wconf 88' lang='lat' dir='ltr'><strong>ita</strong></span> <span class='ocrx_word' id='word_1_118' title='bbox 1033 1137 1055 1162; x_wconf 90' lang='lat' dir='ltr'><strong>a</strong></span> <span class='ocrx_word' id='word_1_119' title='bbox 1089 1126 1207 1171; x_wconf 73' lang='lat' dir='ltr'><strong>simili,</strong></span> <span class='ocrx_word' id='word_1_120' title='bbox 1243 1127 1373 1161; x_wconf 55' lang='lat' dir='ltr'><strong>diversi</strong></span> <span class='ocrx_word' id='word_1_121' title='bbox 1404 1127 1541 1169; x_wconf 73' lang='lat' dir='ltr'><strong>scanni,</strong></span> <span class='ocrx_word' id='word_1_122' title='bbox 1575 1125 1676 1169; x_wconf 80' lang='lat' dir='ltr'><strong>idest,</strong></span> 
     </span>
     <span class='ocr_line' id='line_1_16' title="bbox 496 1186 1678 1232; baseline -0.003 -9"><span class='ocrx_word' id='word_1_123' title='bbox 496 1188 600 1224; x_wconf 83' lang='lat' dir='ltr'><strong>sedes</strong></span> <span class='ocrx_word' id='word_1_124' title='bbox 618 1188 826 1232; x_wconf 78' lang='lat' dir='ltr'><strong>beatorum,</strong></span> <span class='ocrx_word' id='word_1_125' title='bbox 848 1189 984 1223; x_wconf 73' lang='lat' dir='ltr'><strong>remlon</strong></span> <span class='ocrx_word' id='word_1_126' title='bbox 1003 1189 1099 1223; x_wconf 81' lang='lat' dir='ltr'><strong>dolce</strong></span> <span class='ocrx_word' id='word_1_127' title='bbox 1117 1188 1294 1230; x_wconf 70' lang='lat' dir='ltr'><strong>armonia,</strong></span> <span class='ocrx_word' id='word_1_128' title='bbox 1315 1186 1405 1222; x_wconf 88' lang='lat' dir='ltr'><strong>idest</strong></span> <span class='ocrx_word' id='word_1_129' title='bbox 1424 1196 1578 1221; x_wconf 80' lang='lat' dir='ltr'><strong>suavem</strong></span> <span class='ocrx_word' id='word_1_130' title='bbox 1601 1196 1678 1221; x_wconf 90' lang='lat' dir='ltr'><strong>me-</strong></span> 
     </span>
     <span class='ocr_line' id='line_1_17' title="bbox 499 1248 1676 1293; baseline -0.002 -10"><span class='ocrx_word' id='word_1_131' title='bbox 499 1248 643 1293; x_wconf 83' lang='lat' dir='ltr'><strong>lodiam,</strong></span> <span class='ocrx_word' id='word_1_132' title='bbox 672 1250 705 1283; x_wconf 74' lang='lat' dir='ltr'><strong>in</strong></span> <span class='ocrx_word' id='word_1_133' title='bbox 733 1252 856 1283; x_wconf 74' lang='lat' dir='ltr'><strong>nostra</strong></span> <span class='ocrx_word' id='word_1_134' title='bbox 886 1250 967 1292; x_wconf 64' lang='lat' dir='ltr'><strong>vita,</strong></span> <span class='ocrx_word' id='word_1_135' title='bbox 995 1248 1140 1292; x_wconf 81' lang='lat' dir='ltr'><strong>seilicet,</strong></span> <span class='ocrx_word' id='word_1_136' title='bbox 1165 1251 1315 1291; x_wconf 67' lang='lat' dir='ltr'><strong>aeterna,</strong></span> <span class='ocrx_word' id='word_1_137' title='bbox 1343 1250 1398 1282; x_wconf 75' lang='lat' dir='ltr'><strong>tra</strong></span> <span class='ocrx_word' id='word_1_138' title='bbox 1426 1250 1539 1290; x_wconf 75' lang='lat' dir='ltr'><strong>queste</strong></span> <span class='ocrx_word' id='word_1_139' title='bbox 1565 1250 1676 1290; x_wconf 78' lang='lat' dir='ltr'><strong>ruote,</strong></span> 
     </span>
     <span class='ocr_line' id='line_1_18' title="bbox 499 1306 1680 1355; baseline -0.002 -12"><span class='ocrx_word' id='word_1_140' title='bbox 499 1308 599 1353; x_wconf 72' lang='lat' dir='ltr'><strong>idest,</strong></span> <span class='ocrx_word' id='word_1_141' title='bbox 622 1309 715 1344; x_wconf 88' lang='lat' dir='ltr'><strong>iuter</strong></span> <span class='ocrx_word' id='word_1_142' title='bbox 743 1309 827 1344; x_wconf 88' lang='lat' dir='ltr'><strong>istas</strong></span> <span class='ocrx_word' id='word_1_143' title='bbox 855 1318 980 1355; x_wconf 89' lang='lat' dir='ltr'><strong>speras</strong></span> <span class='ocrx_word' id='word_1_144' title='bbox 1007 1308 1201 1344; x_wconf 74' lang='lat' dir='ltr'><strong>coelorum.</strong></span> <span class='ocrx_word' id='word_1_145' title='bbox 1218 1309 1312 1342; x_wconf 85' lang='grc' dir='ltr'><strong>-Ε</strong></span> <span class='ocrx_word' id='word_1_146' title='bbox 1336 1308 1471 1342; x_wconf 76' lang='lat' dir='ltr'><strong>dentre.</strong></span> <span class='ocrx_word' id='word_1_147' title='bbox 1492 1307 1596 1342; x_wconf 78' lang='lat' dir='ltr'><strong>Nunc</strong></span> <span class='ocrx_word' id='word_1_148' title='bbox 1615 1306 1680 1340; x_wconf 89' lang='lat' dir='ltr'><strong>Ju-</strong></span> 
     </span>
     <span class='ocr_line' id='line_1_19' title="bbox 499 1366 1679 1412; baseline -0.003 -8"><span class='ocrx_word' id='word_1_149' title='bbox 499 1369 676 1404; x_wconf 85' lang='lat' dir='ltr'><strong>stinianus</strong></span> <span class='ocrx_word' id='word_1_150' title='bbox 700 1368 907 1404; x_wconf 81' lang='lat' dir='ltr'><strong>manifestat</strong></span> <span class='ocrx_word' id='word_1_151' title='bbox 934 1368 1042 1404; x_wconf 85' lang='lat' dir='ltr'><strong>aliam</strong></span> <span class='ocrx_word' id='word_1_152' title='bbox 1071 1368 1232 1403; x_wconf 84' lang='lat' dir='ltr'><strong>animam</strong></span> <span class='ocrx_word' id='word_1_153' title='bbox 1257 1367 1473 1402; x_wconf 81' lang='lat' dir='ltr'><strong>modernam</strong></span> <span class='ocrx_word' id='word_1_154' title='bbox 1501 1366 1545 1402; x_wconf 90' lang='lat' dir='ltr'><strong>de</strong></span> <span class='ocrx_word' id='word_1_155' title='bbox 1573 1376 1679 1412; x_wconf 89' lang='lat' dir='ltr'><strong>spera</strong></span> 
     </span>
     <span class='ocr_line' id='line_1_20' title="bbox 500 1426 1677 1474; baseline -0.002 -11"><span class='ocrx_word' id='word_1_156' title='bbox 500 1429 680 1474; x_wconf 74' lang='lat' dir='ltr'><strong>Mercurii,</strong></span> <span class='ocrx_word' id='word_1_157' title='bbox 708 1440 791 1474; x_wconf 80' lang='lat' dir='ltr'><strong>quae</strong></span> <span class='ocrx_word' id='word_1_158' title='bbox 819 1429 883 1464; x_wconf 84' lang='lat' dir='ltr'><strong>suit</strong></span> <span class='ocrx_word' id='word_1_159' title='bbox 914 1428 1127 1464; x_wconf 87' lang='lat' dir='ltr'><strong>mirabiliter</strong></span> <span class='ocrx_word' id='word_1_160' title='bbox 1153 1427 1271 1464; x_wconf 84' lang='lat' dir='ltr'><strong>activa</strong></span> <span class='ocrx_word' id='word_1_161' title='bbox 1305 1427 1340 1462; x_wconf 90' lang='lat' dir='ltr'><strong>in</strong></span> <span class='ocrx_word' id='word_1_162' title='bbox 1373 1427 1445 1462; x_wconf 70' lang='lat' dir='ltr'><strong>vita</strong></span> <span class='ocrx_word' id='word_1_163' title='bbox 1482 1426 1677 1462; x_wconf 90' lang='lat' dir='ltr'><strong>mundana.</strong></span> 
     </span>
     <span class='ocr_line' id='line_1_21' title="bbox 498 1487 1680 1533; baseline -0.002 -9"><span class='ocrx_word' id='word_1_164' title='bbox 498 1489 549 1524; x_wconf 76' lang='lat' dir='ltr'><strong>Ad</strong></span> <span class='ocrx_word' id='word_1_165' title='bbox 576 1489 863 1525; x_wconf 86' lang='lat' dir='ltr'><strong>declarationem</strong></span> <span class='ocrx_word' id='word_1_166' title='bbox 890 1493 1016 1525; x_wconf 87' lang='lat' dir='ltr'><strong>autem</strong></span> <span class='ocrx_word' id='word_1_167' title='bbox 1044 1489 1146 1524; x_wconf 84' lang='lat' dir='ltr'><strong>istius</strong></span> <span class='ocrx_word' id='word_1_168' title='bbox 1176 1488 1345 1527; x_wconf 54' lang='lat' dir='ltr'><strong>historiae,</strong></span> <span class='ocrx_word' id='word_1_169' title='bbox 1366 1498 1450 1533; x_wconf 86' lang='lat' dir='ltr'><strong>quae</strong></span> <span class='ocrx_word' id='word_1_170' title='bbox 1474 1487 1596 1522; x_wconf 89' lang='lat' dir='ltr'><strong>multis</strong></span> <span class='ocrx_word' id='word_1_171' title='bbox 1625 1489 1680 1522; x_wconf 90' lang='lat' dir='ltr'><strong>est</strong></span> 
     </span>
     <span class='ocr_line' id='line_1_22' title="bbox 498 1547 1680 1596; baseline -0.002 -12"><span class='ocrx_word' id='word_1_172' title='bbox 498 1549 641 1584; x_wconf 84' lang='lat' dir='ltr'><strong>occulta</strong></span> <span class='ocrx_word' id='word_1_173' title='bbox 669 1553 704 1585; x_wconf 90' lang='lat' dir='ltr'><strong>et</strong></span> <span class='ocrx_word' id='word_1_174' title='bbox 732 1550 926 1596; x_wconf 66' lang='lat' dir='ltr'><strong>incognita,</strong></span> <span class='ocrx_word' id='word_1_175' title='bbox 947 1554 999 1585; x_wconf 90' lang='lat' dir='ltr'><strong>est</strong></span> <span class='ocrx_word' id='word_1_176' title='bbox 1020 1549 1299 1595; x_wconf 73' lang='lat' dir='ltr'><strong>praesciendum,</strong></span> <span class='ocrx_word' id='word_1_177' title='bbox 1320 1548 1417 1594; x_wconf 87' lang='lat' dir='ltr'><strong>quod</strong></span> <span class='ocrx_word' id='word_1_178' title='bbox 1440 1547 1680 1594; x_wconf 76' lang='lat' dir='ltr'><strong>Raymundus</strong></span> 
     </span>
     <span class='ocr_line' id='line_1_23' title="bbox 499 1607 1681 1655; baseline 0 -13"><span class='ocrx_word' id='word_1_179' title='bbox 499 1609 753 1655; x_wconf 77' lang='lat' dir='ltr'><strong>Berengerius,</strong></span> <span class='ocrx_word' id='word_1_180' title='bbox 788 1610 916 1644; x_wconf 81' lang='lat' dir='ltr'><strong>nobilis</strong></span> <span class='ocrx_word' id='word_1_181' title='bbox 951 1620 1075 1645; x_wconf 87' lang='lat' dir='ltr'><strong>comes</strong></span> <span class='ocrx_word' id='word_1_182' title='bbox 1108 1609 1304 1654; x_wconf 64' lang='lat' dir='ltr'><strong>provincize</strong></span> <span class='ocrx_word' id='word_1_183' title='bbox 1332 1608 1588 1653; x_wconf 73' lang='lat' dir='ltr'><strong>Narbonensis,</strong></span> <span class='ocrx_word' id='word_1_184' title='bbox 1615 1607 1681 1642; x_wconf 86' lang='lat' dir='ltr'><strong>fuit</strong></span> 
     </span>
     <span class='ocr_line' id='line_1_24' title="bbox 501 1668 1679 1715; baseline 0 -12"><span class='ocrx_word' id='word_1_185' title='bbox 501 1668 554 1703; x_wconf 89' lang='lat' dir='ltr'><strong>vir</strong></span> <span class='ocrx_word' id='word_1_186' title='bbox 582 1669 777 1714; x_wconf 74' lang='lat' dir='ltr'><strong>humanus,</strong></span> <span class='ocrx_word' id='word_1_187' title='bbox 794 1669 957 1715; x_wconf 79' lang='lat' dir='ltr'><strong>affabilis,</strong></span> <span class='ocrx_word' id='word_1_188' title='bbox 981 1670 1242 1715; x_wconf 82' lang='lat' dir='ltr'><strong>rhythmorum</strong></span> <span class='ocrx_word' id='word_1_189' title='bbox 1266 1668 1477 1714; x_wconf 71' lang='lat' dir='ltr'><strong>vulgarium</strong></span> <span class='ocrx_word' id='word_1_190' title='bbox 1498 1669 1601 1704; x_wconf 83' lang='lat' dir='ltr'><strong>facile</strong></span> <span class='ocrx_word' id='word_1_191' title='bbox 1621 1677 1679 1703; x_wconf 91' lang='lat' dir='ltr'><strong>re-</strong></span> 
     </span>
     <span class='ocr_line' id='line_1_25' title="bbox 500 1727 1680 1774; baseline 0 -12"><span class='ocrx_word' id='word_1_192' title='bbox 500 1732 643 1774; x_wconf 81' lang='lat' dir='ltr'><strong>pertor;</strong></span> <span class='ocrx_word' id='word_1_193' title='bbox 672 1728 733 1764; x_wconf 88' lang='lat' dir='ltr'><strong>sed</strong></span> <span class='ocrx_word' id='word_1_194' title='bbox 762 1729 868 1764; x_wconf 87' lang='lat' dir='ltr'><strong>nimis</strong></span> <span class='ocrx_word' id='word_1_195' title='bbox 896 1729 1065 1774; x_wconf 74' lang='lat' dir='ltr'><strong>liberalis,</strong></span> <span class='ocrx_word' id='word_1_196' title='bbox 1088 1728 1282 1774; x_wconf 81' lang='lat' dir='ltr'><strong>magnifice</strong></span> <span class='ocrx_word' id='word_1_197' title='bbox 1301 1728 1473 1764; x_wconf 86' lang='lat' dir='ltr'><strong>omnibus</strong></span> <span class='ocrx_word' id='word_1_198' title='bbox 1501 1727 1680 1763; x_wconf 83' lang='lat' dir='ltr'><strong>nobilibus</strong></span> 
     </span>
     <span class='ocr_line' id='line_1_26' title="bbox 500 1787 1681 1836; baseline 0 -13"><span class='ocrx_word' id='word_1_199' title='bbox 500 1788 689 1824; x_wconf 84' lang='lat' dir='ltr'><strong>dexteram</strong></span> <span class='ocrx_word' id='word_1_200' title='bbox 718 1800 794 1824; x_wconf 75' lang='lat' dir='ltr'><strong>suae</strong></span> <span class='ocrx_word' id='word_1_201' title='bbox 831 1789 1006 1836; x_wconf 79' lang='lat' dir='ltr'><strong>largitatis</strong></span> <span class='ocrx_word' id='word_1_202' title='bbox 1035 1789 1247 1834; x_wconf 74' lang='lat' dir='ltr'><strong>extendeus,</strong></span> <span class='ocrx_word' id='word_1_203' title='bbox 1286 1799 1432 1834; x_wconf 87' lang='lat' dir='ltr'><strong>semper</strong></span> <span class='ocrx_word' id='word_1_204' title='bbox 1464 1792 1544 1824; x_wconf 88' lang='lat' dir='ltr'><strong>erat</strong></span> <span class='ocrx_word' id='word_1_205' title='bbox 1579 1787 1681 1823; x_wconf 88' lang='lat' dir='ltr'><strong>debi—</strong></span> 
     </span>
     <span class='ocr_line' id='line_1_27' title="bbox 502 1848 1681 1895; baseline 0 -12"><span class='ocrx_word' id='word_1_206' title='bbox 502 1851 559 1883; x_wconf 90' lang='lat' dir='ltr'><strong>tor</strong></span> <span class='ocrx_word' id='word_1_207' title='bbox 596 1849 766 1884; x_wconf 90' lang='lat' dir='ltr'><strong>multum.</strong></span> <span class='ocrx_word' id='word_1_208' title='bbox 803 1849 939 1885; x_wconf 74' lang='lat' dir='ltr'><strong>Accidit</strong></span> <span class='ocrx_word' id='word_1_209' title='bbox 977 1854 1102 1885; x_wconf 88' lang='lat' dir='ltr'><strong>autem</strong></span> <span class='ocrx_word' id='word_1_210' title='bbox 1140 1849 1238 1895; x_wconf 87' lang='lat' dir='ltr'><strong>quod</strong></span> <span class='ocrx_word' id='word_1_211' title='bbox 1279 1849 1428 1894; x_wconf 88' lang='lat' dir='ltr'><strong>quidam</strong></span> <span class='ocrx_word' id='word_1_212' title='bbox 1464 1848 1681 1895; x_wconf 83' lang='lat' dir='ltr'><strong>peregrinus</strong></span> 
     </span>
     <span class='ocr_line' id='line_1_28' title="bbox 502 1908 1682 1954; baseline 0.001 -11"><span class='ocrx_word' id='word_1_213' title='bbox 502 1908 650 1944; x_wconf 89' lang='lat' dir='ltr'><strong>veniens</strong></span> <span class='ocrx_word' id='word_1_214' title='bbox 669 1910 715 1945; x_wconf 80' lang='lat' dir='ltr'><strong>al)</strong></span> <span class='ocrx_word' id='word_1_215' title='bbox 734 1913 902 1945; x_wconf 86' lang='lat' dir='ltr'><strong>extremo</strong></span> <span class='ocrx_word' id='word_1_216' title='bbox 922 1910 1129 1954; x_wconf 80' lang='lat' dir='ltr'><strong>occidentis,</strong></span> <span class='ocrx_word' id='word_1_217' title='bbox 1150 1910 1292 1946; x_wconf 74' lang='lat' dir='ltr'><strong>visitata</strong></span> <span class='ocrx_word' id='word_1_218' title='bbox 1313 1910 1407 1946; x_wconf 87' lang='lat' dir='ltr'><strong>beati</strong></span> <span class='ocrx_word' id='word_1_219' title='bbox 1431 1909 1554 1945; x_wconf 85' lang='lat' dir='ltr'><strong>Jacobi</strong></span> <span class='ocrx_word' id='word_1_220' title='bbox 1573 1910 1682 1944; x_wconf 88' lang='lat' dir='ltr'><strong>Cam—</strong></span> 
     </span>
     <span class='ocr_line' id='line_1_29' title="bbox 500 1969 1683 2016; baseline 0 -13"><span class='ocrx_word' id='word_1_221' title='bbox 500 1969 697 2014; x_wconf 84' lang='lat' dir='ltr'><strong>postellana</strong></span> <span class='ocrx_word' id='word_1_222' title='bbox 727 1970 890 2015; x_wconf 78' lang='lat' dir='ltr'><strong>ecclesia,</strong></span> <span class='ocrx_word' id='word_1_223' title='bbox 915 1970 1081 2016; x_wconf 72' lang='lat' dir='ltr'><strong>pervenit</strong></span> <span class='ocrx_word' id='word_1_224' title='bbox 1101 1971 1282 2016; x_wconf 79' lang='lat' dir='ltr'><strong>Tolosam7</strong></span> <span class='ocrx_word' id='word_1_225' title='bbox 1307 1970 1380 2015; x_wconf 77' lang='lat' dir='ltr'><strong>ubi,</strong></span> <span class='ocrx_word' id='word_1_226' title='bbox 1405 1969 1491 2015; x_wconf 88' lang='lat' dir='ltr'><strong>quia</strong></span> <span class='ocrx_word' id='word_1_227' title='bbox 1519 1969 1574 2004; x_wconf 82' lang='lat' dir='ltr'><strong>vir</strong></span> <span class='ocrx_word' id='word_1_228' title='bbox 1600 1978 1683 2014; x_wconf 86' lang='lat' dir='ltr'><strong>spe-</strong></span> 
     </span>
     <span class='ocr_line' id='line_1_30' title="bbox 500 2029 1680 2076; baseline -0.001 -12"><span class='ocrx_word' id='word_1_229' title='bbox 500 2029 638 2064; x_wconf 89' lang='lat' dir='ltr'><strong>ctabilis</strong></span> <span class='ocrx_word' id='word_1_230' title='bbox 670 2033 704 2065; x_wconf 89' lang='lat' dir='ltr'><strong>et</strong></span> <span class='ocrx_word' id='word_1_231' title='bbox 739 2031 960 2066; x_wconf 87' lang='lat' dir='ltr'><strong>honorabilis</strong></span> <span class='ocrx_word' id='word_1_232' title='bbox 997 2030 1201 2076; x_wconf 69' lang='lat' dir='ltr'><strong>videbatur,</strong></span> <span class='ocrx_word' id='word_1_233' title='bbox 1238 2031 1410 2066; x_wconf 75' lang='lat' dir='ltr'><strong>invitatus</strong></span> <span class='ocrx_word' id='word_1_234' title='bbox 1446 2030 1491 2065; x_wconf 87' lang='lat' dir='ltr'><strong>ad</strong></span> <span class='ocrx_word' id='word_1_235' title='bbox 1527 2029 1680 2073; x_wconf 76' lang='lat' dir='ltr'><strong>curiam,</strong></span> 
     </span>
     <span class='ocr_line' id='line_1_31' title="bbox 501 2088 1681 2137; baseline -0.002 -13"><span class='ocrx_word' id='word_1_236' title='bbox 501 2090 622 2126; x_wconf 86' lang='lat' dir='ltr'><strong>habito</strong></span> <span class='ocrx_word' id='word_1_237' title='bbox 652 2101 823 2126; x_wconf 85' lang='lat' dir='ltr'><strong>sermone</strong></span> <span class='ocrx_word' id='word_1_238' title='bbox 850 2102 936 2127; x_wconf 75' lang='lat' dir='ltr'><strong>cun]</strong></span> <span class='ocrx_word' id='word_1_239' title='bbox 965 2091 1109 2136; x_wconf 78' lang='lat' dir='ltr'><strong>comite,</strong></span> <span class='ocrx_word' id='word_1_240' title='bbox 1139 2091 1318 2137; x_wconf 87' lang='lat' dir='ltr'><strong>persuasit</strong></span> <span class='ocrx_word' id='word_1_241' title='bbox 1353 2090 1552 2136; x_wconf 89' lang='lat' dir='ltr'><strong>prudenter</strong></span> <span class='ocrx_word' id='word_1_242' title='bbox 1584 2088 1681 2134; x_wconf 83' lang='lat' dir='ltr'><strong>quod</strong></span> 
     </span>
     <span class='ocr_line' id='line_1_32' title="bbox 501 2150 1683 2197; baseline 0 -13"><span class='ocrx_word' id='word_1_243' title='bbox 501 2150 535 2184; x_wconf 90' lang='lat' dir='ltr'><strong>in</strong></span> <span class='ocrx_word' id='word_1_244' title='bbox 563 2150 666 2186; x_wconf 77' lang='lat' dir='ltr'><strong>brevi</strong></span> <span class='ocrx_word' id='word_1_245' title='bbox 695 2151 813 2197; x_wconf 89' lang='lat' dir='ltr'><strong>ipsum</strong></span> <span class='ocrx_word' id='word_1_246' title='bbox 842 2152 1014 2187; x_wconf 87' lang='lat' dir='ltr'><strong>liberaret</strong></span> <span class='ocrx_word' id='word_1_247' title='bbox 1041 2152 1087 2187; x_wconf 86' lang='lat' dir='ltr'><strong>ab</strong></span> <span class='ocrx_word' id='word_1_248' title='bbox 1117 2151 1236 2186; x_wconf 78' lang='lat' dir='ltr'><strong>usuris</strong></span> <span class='ocrx_word' id='word_1_249' title='bbox 1268 2151 1539 2187; x_wconf 87' lang='lat' dir='ltr'><strong>Caorsinorum.</strong></span> <span class='ocrx_word' id='word_1_250' title='bbox 1573 2150 1683 2185; x_wconf 91' lang='lat' dir='ltr'><strong>Com-</strong></span> 
     </span>
     <span class='ocr_line' id='line_1_33' title="bbox 503 2210 1682 2258; baseline 0.001 -14"><span class='ocrx_word' id='word_1_251' title='bbox 503 2210 611 2246; x_wconf 85' lang='lat' dir='ltr'><strong>missa</strong></span> <span class='ocrx_word' id='word_1_252' title='bbox 632 2221 722 2257; x_wconf 81' lang='lat' dir='ltr'><strong>ergo</strong></span> <span class='ocrx_word' id='word_1_253' title='bbox 741 2212 805 2247; x_wconf 87' lang='lat' dir='ltr'><strong>sibi</strong></span> <span class='ocrx_word' id='word_1_254' title='bbox 825 2212 1048 2258; x_wconf 83' lang='lat' dir='ltr'><strong>amplissima</strong></span> <span class='ocrx_word' id='word_1_255' title='bbox 1068 2215 1246 2258; x_wconf 83' lang='lat' dir='ltr'><strong>potestate</strong></span> <span class='ocrx_word' id='word_1_256' title='bbox 1264 2211 1454 2247; x_wconf 87' lang='lat' dir='ltr'><strong>ordinandi</strong></span> <span class='ocrx_word' id='word_1_257' title='bbox 1476 2215 1512 2246; x_wconf 93' lang='lat' dir='ltr'><strong>et</strong></span> <span class='ocrx_word' id='word_1_258' title='bbox 1538 2210 1682 2256; x_wconf 89' lang='lat' dir='ltr'><strong>dispen-</strong></span> 
     </span>
     <span class='ocr_line' id='line_1_34' title="bbox 502 2270 1681 2319; baseline 0.001 -15"><span class='ocrx_word' id='word_1_259' title='bbox 502 2270 602 2304; x_wconf 88' lang='lat' dir='ltr'><strong>sandi</strong></span> <span class='ocrx_word' id='word_1_260' title='bbox 636 2271 770 2316; x_wconf 54' lang='lat' dir='ltr'><strong>omnim</strong></span> <span class='ocrx_word' id='word_1_261' title='bbox 804 2271 980 2307; x_wconf 87' lang='lat' dir='ltr'><strong>industria</strong></span> <span class='ocrx_word' id='word_1_262' title='bbox 1017 2275 1052 2307; x_wconf 84' lang='lat' dir='ltr'><strong>et</strong></span> <span class='ocrx_word' id='word_1_263' title='bbox 1087 2272 1285 2319; x_wconf 80' lang='lat' dir='ltr'><strong>sagacitate</strong></span> <span class='ocrx_word' id='word_1_264' title='bbox 1321 2283 1386 2307; x_wconf 90' lang='lat' dir='ltr'><strong>sua</strong></span> <span class='ocrx_word' id='word_1_265' title='bbox 1423 2271 1527 2307; x_wconf 85' lang='lat' dir='ltr'><strong>solvit</strong></span> <span class='ocrx_word' id='word_1_266' title='bbox 1561 2270 1681 2306; x_wconf 89' lang='lat' dir='ltr'><strong>debita</strong></span> 
     </span>
     <span class='ocr_line' id='line_1_35' title="bbox 505 2332 1682 2378; baseline 0.001 -13"><span class='ocrx_word' id='word_1_267' title='bbox 505 2341 650 2376; x_wconf 79' lang='lat' dir='ltr'><strong>magna,</strong></span> <span class='ocrx_word' id='word_1_268' title='bbox 678 2334 714 2366; x_wconf 91' lang='lat' dir='ltr'><strong>et</strong></span> <span class='ocrx_word' id='word_1_269' title='bbox 742 2332 993 2377; x_wconf 71' lang='lat' dir='ltr'><strong>multiplicavit</strong></span> <span class='ocrx_word' id='word_1_270' title='bbox 1022 2332 1193 2367; x_wconf 88' lang='lat' dir='ltr'><strong>redditus.</strong></span> <span class='ocrx_word' id='word_1_271' title='bbox 1230 2333 1272 2368; x_wconf 90' lang='lat' dir='ltr'><strong>Et</strong></span> <span class='ocrx_word' id='word_1_272' title='bbox 1308 2332 1556 2378; x_wconf 82' lang='lat' dir='ltr'><strong>interrogatus</strong></span> <span class='ocrx_word' id='word_1_273' title='bbox 1586 2341 1682 2377; x_wconf 83' lang='lat' dir='ltr'><strong>saepe</strong></span> 
     </span>
    </p>
   </div>
  </div>
 </body>
</html>
