1737 2836
1148 241 1217 272 417

47 381 210 414 CANTUS
237 381 412 420 SEXTUS,
438 383 470 413 ‘in
496 392 554 422 quo
580 382 788 413 introducitur
810 382 1016 414 Justim'anus
1040 383 1217 422 imperator,

182 448 322 470 narrans
346 438 443 469 »mlta
467 448 535 478 qnae
557 440 645 478 qesta
669 441 742 469 sant
764 438 820 469 snb
844 438 934 479 siyno
959 440 1082 479 aquilae.

119 568 286 649 Rsffl
320 616 377 649 clze
407 615 606 649 Constantia
638 615 658 648 Γ
673 614 790 657 aquila
828 615 928 647 colse.
959 614 1153 658 Postquam
1183 614 1217 649 in

44 675 261 720 praecedenti
289 674 446 720 capitulo
465 674 597 709 Dantes
616 673 815 708 introduxit
838 672 1003 718 spiritum
1028 673 1216 708 Justiniani

43 734 88 770 ad
116 734 340 779 loquendum
369 744 507 778 secum,
531 744 627 769 nunc
649 736 915 778 consequenter
936 733 972 768 in
995 732 1162 779 praesenti
1181 731 1216 776 (ἣ

43 794 200 840 capitulo
216 794 259 828 Vl
282 794 378 840 ponit
407 794 608 829 orationem
630 796 665 828 et
684 793 932 828 narrationem
953 793 1046 837 eius3
1067 796 1103 827 et
1122 803 1217 838 prae-

43 864 125 890 sens
152 854 351 901 capitulum
379 854 423 889 ad
452 854 572 889 minus
599 849 821 897 dividiturffjw
850 853 884 887 in
912 856 986 888 tres
1013 856 1134 899 partes
1152 863 1218 899 ge-

44 915 195 950 nerales.
217 914 253 949 In
282 915 398 960 prima
427 924 586 960 quarum
605 913 828 948 Justinianus
847 912 1007 948 breviter
1035 912 1218 958 percurrit

43 977 188 1020 tempus
206 975 261 1009 sui
282 974 434 1020 imperii,
455 984 559 1009 suam
579 973 856 1008 conversionem
878 976 913 1007 et
934 983 1045 1018 opera
1074 982 1217 1019 magna.

42 1034 80 1069 ln
108 1034 267 1070 secunda
302 1034 485 1069 succincto
520 1032 729 1079 perstringit
756 1033 995 1068 memoranda
1023 1036 1124 1079 gesta
1160 1042 1220 1067 ro-

44 1104 238 1129 manorum
267 1094 359 1128 facta
392 1093 461 1127 sub
490 1092 683 1128 victorioso
715 1092 817 1138 signo
844 1092 976 1137 aquilae
1004 1103 1068 1137 por
1104 1092 1217 1127 multa

42 1154 186 1197 saecula,
208 1153 273 1187 ihi:
307 1155 357 1187 Or
384 1154 442 1196 qni
467 1154 538 1186 alla
566 1153 722 1196 ([ιιίεῐιόη.
746 1151 784 1186 In
813 1152 918 1187 tertia
945 1155 979 1185 et
1008 1152 1135 1187 ultima
1160 1161 1218 1187 re-

43 1213 193 1259 spondet
219 1212 264 1247 ad
292 1223 403 1247 unam
432 1212 642 1258 petitionem
678 1212 816 1247 autoris
847 1215 883 1246 et
914 1211 1077 1246 nominat
1108 1211 1215 1247 aliam

42 1274 202 1309 animam
231 1272 445 1307 modernam
469 1271 513 1307 de
531 1282 596 1306 sua
617 1282 734 1317 spera,
755 1272 821 1307 ihi:
846 1274 970 1314 Ozcesla
987 1273 1142 1317 peretola.
1163 1271 1216 1306 Ad

42 1334 202 1380 primum
231 1343 319 1379 ergo
347 1332 426 1367 dico
453 1332 551 1377 quod
578 1332 801 1367 Justinianus
833 1336 957 1367 narrat
989 1335 1133 1378 tempus
1160 1333 1216 1367 sui

41 1393 195 1440 imperii,
223 1392 499 1428 conversionem
528 1395 563 1427 et
599 1402 734 1438 opera:
763 1396 799 1427 et
834 1392 951 1438 primo
987 1393 1063 1427 vult
1095 1393 1217 1428 dicere

41 1454 139 1499 quod
168 1463 362 1489 romanum
395 1452 590 1498 imperium
619 1453 694 1497 Jarn
729 1456 878 1488 steterat
911 1452 945 1487 in
976 1453 1115 1489 Graecia
1148 1453 1217 1488 du—

41 1513 153 1549 centis
181 1513 283 1548 annis
310 1516 345 1547 et
373 1513 452 1558 plus
480 1516 557 1557 post
586 1512 858 1547 translationem
886 1512 1017 1548 factam
1040 1523 1104 1558 per
1123 1513 1218 1549 Con-

41 1573 239 1607 stantinum
268 1572 414 1617 quando
441 1571 605 1617 pervenit
632 1572 675 1607 ad
704 1582 836 1607 manus
863 1583 957 1607 suas.
988 1573 1077 1608 Dicit
1106 1584 1216 1620 ergo:

42 1635 185 1668 L'zcecel
209 1634 246 1667 (Ii
266 1634 347 1675 Dio.
375 1632 477 1676 idest,
505 1632 626 1676 aquila
654 1632 798 1678 signum
827 1632 962 1668 ducum
993 1637 1028 1668 et
1056 1633 1216 1680 impera-

41 1698 163 1730 torum
185 1703 436 1737 romanorum,
457 1703 567 1737 quan]
588 1692 744 1738 appellat
772 1703 879 1728 avem
911 1692 986 1737 Dei,
1015 1694 1101 1739 quia
1119 1693 1216 1739 apud

41 1764 169 1789 omnes
187 1756 311 1798 poetas
325 1752 493 1796 antiquos
508 1751 629 1796 aquila
649 1752 780 1787 dicitur
798 1752 874 1787 avis
889 1752 998 1798 Jovis,
1014 1754 1099 1798 quia
1119 1753 1216 1789 dedit

40 1813 105 1848 sibi
132 1813 269 1847 bonum
298 1812 498 1858 augurium
527 1811 700 1856 victoriae‚
727 1812 821 1847 sicut
854 1812 1058 1858 expositum
1093 1817 1146 1848 est
1178 1813 1214 1848 in

40 1872 269 1919 Purgatorio,
303 1875 338 1906 et
375 1871 557 1906 mirabiles
597 1871 750 1906 virtutes
786 1872 918 1916 aquiife
946 1872 1089 1917 scriptae
1130 1876 1214 1907 sunt

41 1933 160 1978 primo
178 1931 336 1977 capitulo
363 1931 472 1965 huius
492 1930 661 1975 Paradisi,
677 1931 722 1966 de
737 1941 809 1975 qua
825 1930 909 1965 dicit
923 1931 1100 1976 Josephus
1116 1930 1212 1976 quod

41 1993 163 2039 aquila
182 1996 236 2028 est
261 1992 404 2038 signum
435 2000 686 2034 romanorum,
704 1990 789 2035 quia
810 1990 1068 2025 universarum
1088 1990 1212 2026 avium

42 2053 150 2089 habet
178 2062 346 2099 regnum7
375 2055 409 2086 et
450 2050 654 2095 fortissima,
685 2051 715 2084 si
749 2051 892 2094 re'lemze7
933 2050 1033 2095 idest,
1071 2060 1214 2085 moram

42 2113 134 2157 fecit,
171 2114 407 2147 nell'estremo
434 2112 469 2145 (Ιὶ
500 2113 651 2154 Europa,
680 2110 780 2155 idest,
809 2110 842 2144 in
871 2110 1014 2145 civitate
1042 2110 1218 2145 Constan-

42 2172 201 2218 tinopoli,
228 2176 324 2206 cento
351 2183 368 2205 e
393 2175 490 2206 renco
517 2172 603 2204 (ιηηιῖ
629 2181 646 2203 e
669 2168 740 2214 μῖὴ,
772 2170 873 2214 idest,
902 2171 996 2205 ultra
1019 2170 1213 2205 ducentos:

105 2302 131 2331 (¹)
148 2304 171 2328 ⁴4,
188 2302 311 2331 sequenti.
627 2300 652 2329 (Ἄ)
672 2300 699 2323 Ε.
717 2300 851 2323 dividatur.

177 2354 214 2374 1v.
