1737 2836
517 192 655 218 CAN-rus
680 192 824 217 SEXTUs.
1187 185 1255 217 439

78 276 157 301 suo.
185 266 307 301 Caesar
333 269 459 301 autem
487 265 573 311 quia
593 275 659 301 nec
679 264 907 310 triumphum
928 274 995 300 nec
1022 265 1255 301 consulatum

76 329 219 372 poterat
238 326 405 361 obtinere
421 325 518 360 venit
532 325 744 360 Ravennam
766 325 942 360 famosam
958 324 1155 370 civitatem,
1171 336 1255 371 quae

78 388 159 421 erat
195 386 230 421 in
266 386 423 421 confinio
450 386 574 421 Galliae
607 385 788 430 cisalpinae
822 385 1017 430 provinciae
1053 396 1140 430 suae,
1169 396 1254 422 cum

78 446 202 481 animo
229 446 443 482 defendendi
471 446 584 481 armis
611 455 761 480 causam
787 455 912 479 suam:
933 445 994 480 ubi
1012 445 1137 481 audito
1156 447 1253 492 quod

81 506 217 542 tribuni
246 507 357 552 plebis
389 509 615 552 protectores
649 505 704 540 sui
737 508 842 540 eraut
878 505 970 550 pulsi
1007 516 1052 541 ex
1082 507 1185 552 urbe,
1213 507 1258 543 de

81 571 187 602 nocte
221 567 441 602 clandestine
476 565 649 602 recedens
685 565 720 600 in
757 575 893 600 aurora
929 565 1024 610 cepit
1050 566 1256 602 Ariminum

81 627 241 663 evocatis
269 627 472 673 legionibus
500 626 726 671 ubicumque
745 629 883 670 essent3
903 629 939 661 et
957 625 1129 661 continuo
1151 630 1258 662 terrae

79 687 246 722 Marchiae
266 687 511 732 Anconitauae,
528 697 611 731 quae
630 690 717 721 tunc
738 686 911 721 Picenum
934 686 1147 731 vocabatur,
1164 687 1255 722 laetae

81 750 287 793 paruerunt
313 747 397 781 sibi:
419 747 469 782 sic
489 747 657 782 Tusciam
682 750 718 781 et
737 746 923 781 Umbriam
944 746 1122 791 quaesivit,
1142 746 1258 782 donec

79 807 226 842 tandem
256 807 421 842 transivit
449 806 649 842 Corfinium
678 806 775 851 quod
801 810 854 841 est
875 809 971 841 terra
992 806 1099 852 longe
1126 817 1147 841 a
1175 806 1257 842 Sul-

79 877 189 902 mone
216 877 280 912 per
307 867 498 902 duodecim
524 866 700 911 milliaria,
723 866 782 901 ubi
805 866 983 901 Domitius
1006 866 1156 901 infestus
1180 866 1259 901 Cae-

78 927 149 961 sari
170 927 332 972 proditus
351 938 371 962 a
391 927 466 962 suis
486 927 617 973 ligatus
636 926 742 961 datus
761 930 814 962 est
833 926 986 971 Caesari3
1007 936 1117 971 quem
1138 926 1259 962 Caesar

78 987 184 1022 solvit
210 990 245 1022 et
268 987 378 1022 vitam
402 986 549 1022 donavit
572 986 704 1021 invito:
725 986 774 1021 sic
794 989 867 1021 tota
887 986 987 1021 ltalia
1010 986 1162 1022 cedente
1180 987 1259 1022 Cae-

80 1047 164 1091 sari⁷
181 1046 375 1092 Pompeius
403 1046 493 1093 sugit
522 1047 783 1091 Brundusium,
803 1047 864 1081 ubi
883 1047 1005 1082 Cacsar
1027 1051 1180 1082 conatus
1203 1051 1257 1082 est

81 1107 269 1142 includere
289 1107 418 1152 ipsum.
435 1107 505 1142 Sed
524 1107 720 1152 Pompeius
739 1107 821 1142 inde
839 1107 963 1151 evasit,
980 1111 1015 1143 et
1030 1108 1254 1143 Durachium

81 1167 219 1212 appulit
246 1167 281 1201 in
308 1166 498 1202 Graeciam.
528 1167 648 1202 Caesar
675 1167 804 1203 deinde
832 1168 987 1203 Romam
1017 1168 1113 1203 venit
1135 1172 1171 1204 et
1195 1179 1259 1203 ur-

82 1226 165 1262 bem
195 1227 398 1272 composuit
418 1227 463 1262 ad
487 1227 637 1262 modum
658 1238 779 1262 suum.
803 1227 906 1262 Nunc
927 1227 972 1262 ad
991 1227 1151 1273 literam;
1174 1228 1259 1263 dicit

82 1288 319 1323 Justiuianus:
344 1289 428 1330 (mel
444 1289 502 1322 che
521 1290 567 1333 fe,
589 1288 733 1333 signum
753 1284 788 1332 (ll
805 1288 1031 1334 praedictum,
1055 1290 1116 1333 poi
1133 1290 1259 1333 clz'eyli

82 1345 153 1383 usci
179 1349 215 1383 dt
242 1351 435 1393 Rcwemza5·
462 1348 507 1384 de
534 1348 602 1384 hac
629 1348 713 1383 dicit
731 1348 885 1383 Plinius:
910 1349 1082 1385 Ravenna
1111 1349 1257 1385 sabino-

83 1419 167 1443 rum
199 1408 383 1454 oppidum.
422 1408 464 1443 Et
499 1408 555 1443 hic
590 1411 674 1444 nota
708 1408 805 1454 quod
841 1409 973 1445 Dantes
1006 1412 1180 1455 tanquam
1216 1409 1262 1445 de

82 1473 182 1505 terra
209 1469 358 1504 alumna
387 1472 422 1504 et
448 1468 692 1504 benefactrice
716 1480 781 1504 sua
803 1469 885 1504 facit
912 1470 1135 1516 singularem
1158 1480 1263 1505 men-

85 1529 221 1565 tionem
250 1529 284 1564 in
313 1529 475 1574 quolibet
503 1529 691 1564 volumine
718 1540 805 1565 suo:
834 1540 918 1565 nam
947 1530 982 1564 in
1010 1530 1154 1566 Inferuo
1178 1530 1261 1566 facit

84 1589 302 1625 memoriam
330 1589 374 1624 de
403 1592 546 1624 rectore
573 1589 652 1624 eius
679 1589 741 1634 qui
770 1590 835 1624 suit
862 1601 951 1625 suus
971 1590 1202 1626 benefactor:
1227 1590 1262 1625 in

83 1650 303 1696 purgatorio
330 1649 375 1684 de
401 1649 508 1684 claris
536 1649 678 1684 familiis
705 1653 740 1685 et
768 1650 968 1685 illustribus
995 1650 1135 1685 civibus
1163 1650 1261 1695 eius;

84 1709 141 1745 hic
169 1720 257 1745 vero
284 1709 319 1743 in
347 1709 414 1744 isto
442 1709 550 1744 nobili
579 1709 736 1755 capitulo
763 1710 808 1745 de
836 1710 925 1745 ssore
945 1713 980 1745 et
999 1710 1158 1755 potentia
1184 1710 1262 1746 eius

85 1769 232 1815 quando
260 1769 381 1804 Caesar
407 1768 454 1803 ibi
482 1779 625 1804 moram
655 1769 764 1804 traxit
791 1770 878 1804 (lum
908 1773 1056 1815 pararet
1089 1770 1262 1805 invadere

86 1839 282 1865 romanum
312 1828 526 1873 imperium3
546 1839 563 1862 e
580 1825 669 1863 sallo
688 1831 714 1864 il
730 1830 906 1874 Rubz'wm
928 1829 1092 1865 Rubicon
1116 1833 1170 1864 est
1194 1830 1262 1864 ssu-

86 1890 166 1925 vius
189 1888 364 1935 parvulus
379 1888 627 1923 Romandiolae
648 1900 760 1934 prope
779 1890 965 1925 Caesenam
986 1889 1167 1924 civitatem
1189 1889 1262 1924 fer—

86 1949 298 1993 tilissimam,
330 1948 393 1994 qui
426 1948 558 1983 ssuvius
590 1952 644 1984 est
676 1949 837 1984 famosus
863 1949 958 1994 apud
987 1952 1147 1993 autores,
1177 1947 1261 1993 quia

86 2010 151 2045 fuit
178 2010 262 2045 olim
293 2009 471 2044 terminus
493 2008 778 2054 provinciarum,
799 2012 834 2044 et
853 2009 938 2054 quia
957 2009 1078 2044 Caesar
1097 2008 1264 2044 transivit

86 2071 184 2105 hunc
211 2069 406 2105 difficulter
433 2072 581 2114 propter
609 2068 896 2113 inundationem,
916 2071 951 2104 et
973 2068 1178 2115 prodigium
1211 2068 1265 2103 vi-

87 2140 169 2165 sum
197 2129 242 2165 ‹le
271 2129 417 2165 bomine
436 2129 538 2174 quasi
561 2128 683 2164 divino
704 2129 872 2174 pulsante
892 2129 1017 2164 tubam
1040 2129 1264 2173 ter1·ibiliter;

155 2259 181 2288 (¹)
200 2259 228 2282 E.
247 2259 346 2283 scilicet
362 2261 471 2290 signum.
