1766 2856
523 249 567 280 36
885 254 1088 279 comm-Tul
1113 253 1330 279 PURGATORu

522 327 655 363 latinus
681 330 1010 371 contemporaneus
1036 325 1184 371 Virgilio
1201 321 1236 369 (²)
1255 324 1317 369 qui
1340 324 1448 359 simul
1467 335 1552 360 eum
1573 327 1693 361 Tucca

521 387 680 423 correxit
697 383 731 431 (ἢ
760 386 892 421 Eneida
919 385 1054 431 Virgilii
1082 385 1127 420 (le
1154 384 1326 419 mandato
1352 384 1516 430 Augusti.
1545 385 1610 420 Alii
1638 388 1694 421 ta-

521 457 607 482 men
630 447 756 481 volunt
775 445 871 491 quod
891 448 996 491 poeta
1024 444 1198 491 intelligat
1216 444 1261 479 de
1279 444 1443 479 Varrone
1463 444 1542 480 viro
1560 445 1692 481 doctis-

521 507 612 542 simo
642 516 893 550 romanorum,
913 505 975 550 qui
998 505 1063 539 fnit
1090 504 1262 539 mirabilis
1285 508 1421 549 orator,
1444 507 1561 550 poeta,
1581 505 1692 540 histo-

521 566 617 601 ricus
653 568 819 611 tempore
854 564 1020 609 Caesaris,
1057 574 1167 609 quem
1205 563 1396 598 Plutarcus
1432 574 1504 599 non
1544 564 1692 600 erubuit

520 635 737 670 comparare
762 624 953 669 Aristoteli,
986 624 1031 660 (le
1062 634 1135 669 quo
1167 624 1304 658 Tullius
1338 623 1419 659 facit
1432 619 1466 667 Ρ)
1500 624 1691 660 altissimas

520 685 663 730 laudes,
684 688 805 720 tamen
826 684 935 720 eredo
951 684 1047 729 quod
1062 688 1169 719 autor
1189 684 1307 729 potius
1322 684 1494 729 loquatur
1510 684 1555 720 de
1573 685 1690 730 primo

520 746 581 790 qui
610 746 676 780 suit
709 745 848 780 amicus
882 744 1029 790 Virgilii.
1059 745 1097 778 Et
1126 747 1241 789 potest
1275 744 1421 790 intelligi
1448 744 1494 780 de
1520 747 1689 789 utroque,

520 805 604 850 quia
634 805 699 840 iste
725 805 831 840 (lebet
860 804 983 849 reponi
1012 804 1104 838 inter
1140 803 1228 838 alios
1261 803 1418 838 illustres
1450 813 1620 849 paganos.
1648 804 1691 838 Et

519 865 625 900 dicit:
662 875 698 898 se
733 866 765 898 Io
796 865 870 908 sai,-
904 863 989 908 quia
1029 863 1270 898 verisimiliter
1305 862 1415 898 (lebes
1453 863 1557 907 seire,
1596 863 1688 909 ideo,

519 925 644 959 ch'mme
674 934 710 957 se
740 934 802 957 son
831 924 989 966 dannan,
1018 923 1053 957 in
1089 923 1249 967 inferum
1285 926 1320 957 et
1353 922 1381 957 si
1415 926 1500 957 sunt
1530 923 1689 958 damnati

519 983 573 1018 die
602 983 699 1027 mihi,
729 985 761 1017 ιή
791 984 874 1029 qiud
900 985 986 1027 cleo,
1014 983 1114 1027 idest,
1142 983 1177 1017 in
1205 993 1278 1028 quo
1305 982 1516 1017 circulo.—
1533 985 1687 1019 Cosloro.

518 1042 581 1077 Hic
599 1036 631 1085 ᾖ),
654 1042 753 1087 ponit
773 1043 1043 1088 responsionem
1065 1042 1211 1089 Virgilii,
1231 1042 1370 1078 dicens:
1393 1044 1526 1087 re‘spose
1551 1044 1577 1077 il
1601 1045 1691 1078 duca

519 1105 600 1146 mio,
628 1103 773 1147 scilieet,
801 1103 969 1149 Virgilius
1003 1103 1049 1137 illi
1082 1103 1203 1147 Statio,
1232 1106 1381 1146 cosl0r0,
1416 1102 1591 1138 nominati
1625 1113 1690 1148 per

519 1166 566 1207 te,
595 1173 612 1197 e
638 1164 759 1197 Persio
769 1176 783 1207 ,-
810 1163 866 1198 hic
902 1163 967 1197 suit
999 1165 1103 1208 poeta
1137 1166 1260 1197 tuscus
1287 1162 1331 1197 de
1363 1163 1512 1207 antiqua
1545 1162 1689 1198 civitate

517 1223 787 1267 Vulterrarum,
815 1226 958 1269 satyrus
992 1233 1158 1268 magnus,
1187 1223 1334 1268 Juvenis
1366 1226 1534 1258 mortuus
1567 1227 1622 1259 est
1653 1226 1689 1259 et

512 1282 726 1327 juveniliter
744 1282 894 1327 scripsit,
910 1282 1041 1317 seilicet
1064 1282 1221 1327 superbe
1248 1282 1365 1326 nimis,
1387 1282 1478 1317 adeo
1505 1283 1603 1327 quod
1622 1282 1687 1317 nisi

516 1342 701 1377 Cornutus
722 1342 894 1388 magister
913 1342 991 1377 eius
1009 1341 1227 1377 declarasset
1241 1341 1334 1376 dicta
1354 1341 1432 1376 eius
1454 1352 1568 1387 parvo
1586 1352 1689 1377 com-

517 1402 680 1437 mentulo
709 1402 802 1437 mule
830 1402 1141 1448 intelligerentur3
1170 1401 1230 1446 qui
1260 1412 1413 1447 parvum
1442 1401 1602 1437 libellum
1634 1401 1688 1436 di—

517 1462 631 1506 misit,
651 1465 682 1496 el
707 1463 753 1504 1'0,
775 1461 859 1496 dicit
877 1461 1045 1507 Virgilius
1068 1461 1111 1497 (le
1138 1471 1176 1496 se
1204 1461 1291 1507 ipso,
1311 1465 1342 1496 el
1359 1463 1442 1496 altre·
1461 1463 1576 1506 asuri,-
1595 1461 1688 1497 bene

516 1521 609 1565 dicit,
633 1520 717 1565 quia
733 1530 867 1566 paucos
882 1523 1006 1566 poetas
1024 1520 1152 1556 latinos
1168 1521 1336 1567 Virgilius
1352 1521 1550 1556 nominavit
1569 1520 1613 1555 IV
1628 1531 1690 1556 ca-

516 1580 629 1625 pitulo
657 1579 787 1615 Inferni
809 1583 845 1615 et
872 1580 944 1614 hie:
967 1580 1062 1615 unde
1082 1584 1221 1625 poterat
1245 1580 1300 1615 hic
1326 1580 1516 1615 nominare
1543 1580 1686 1627 dignius

517 1640 684 1683 Ennium,
713 1640 935 1684 Lucretium,
970 1640 1135 1684 Furium,
1171 1639 1384 1684 Pacuvium,
1416 1640 1571 1685 Actium,
1606 1640 1688 1675 Nae-

516 1701 628 1745 vium,
666 1700 860 1744 Catullum,
895 1710 915 1734 a
950 1700 1081 1744 quibus
1115 1700 1282 1745 Virgilius
1314 1700 1427 1735 multa
1460 1700 1608 1746 accepit,
1647 1704 1687 1735 ut

515 1760 613 1795 clare
640 1759 863 1794 demonstrat
891 1759 1112 1794 Macrobius:
1139 1761 1228 1793 siam
1255 1770 1319 1793 con
1347 1761 1423 1803 quel
1447 1770 1565 1803 yreco,
1593 1760 1686 1795 seili-

513 1823 582 1864 cet,
603 1819 773 1863 Homero,
800 1820 857 1853 elce
884 1821 913 1853 Ie
940 1830 1032 1854 nense
1059 1821 1200 1862 lallaro,
1220 1819 1310 1854 idest
1330 1820 1562 1855 nutriverunt
1589 1819 1684 1856 dulci

516 1880 702 1915 doctrina:
732 1879 796 1913 snit
828 1879 923 1914 enim
959 1880 1140 1914 Homerus
1174 1879 1251 1914 sons
1285 1879 1529 1926 ingeniorum,
1563 1883 1604 1914 ut
1636 1879 1686 1915 ait

516 1939 670 1983 Plinius,
695 1936 755 1983 put
782 1939 831 1972 clz'
846 1940 929 1973 altri
947 1941 1030 1982 mai,
1056 1939 1158 1984 quasi
1178 1939 1283 1983 (licat,
1313 1939 1373 1984 qui
1396 1949 1600 1984 numquam
1621 1939 1685 1974 ha-

515 1999 593 2034 buit
623 2008 746 2043 parem
776 1998 809 2032 in
838 1998 995 2043 poetria,
1022 1998 1118 2033 unde
1140 1999 1281 2033 vocarit
1300 2009 1385 2034 eum
1407 1999 1565 2044 capitulo
1593 2008 1685 2044 prae-

514 2058 671 2103 allegato
698 2057 828 2093 lnserni
855 2069 1069 2103 supremum
1098 2061 1254 2104 poetam,
1275 2061 1311 2093 et
1331 2058 1480 2103 merito3
1500 2058 1585 2103 quia
1605 2061 1686 2093 tan-

516 2121 593 2151 tum
622 2116 727 2151 dehet
756 2116 923 2162 Virgilius
954 2118 1126 2162 Homero,
1153 2121 1330 2163 quantum
1360 2117 1493 2153 Statius
1526 2117 1683 2163 Virgilio.

577 2231 602 2261 (¹)
622 2231 649 2254 E.
668 2231 784 2260 Virgilio,
803 2239 861 2255 curn
881 2233 974 2255 Tucca.
1190 2233 1215 2263 (¹)
1236 2236 1286 2262 117,
1305 2235 1426 2258 contexit.

577 2270 602 2299 (ἔ)
620 2270 643 2292 S.
663 2270 764 2292 Tullius
782 2270 914 2293 altissimas
932 2271 1018 2294 laudes
1036 2272 1147 2301 scripsit:
1167 2274 1252 2295 lamen
1270 2273 1356 2296 credo.

576 2308 601 2337 1¹¹)
620 2308 648 2331 E.
667 2315 680 2330 e
701 2311 752 2336 117,
772 2309 819 2332 Hic
837 2312 910 2339 poeta
928 2310 1011 2339 ponit„
