1737 2836
398 256 535 281 chTrs
562 256 751 281 viosssmms
778 256 904 281 NONUS.
1165 249 1232 280 187

67 340 162 365 rum.
192 329 342 375 Signum
372 332 495 363 autem
524 328 600 371 suit,
621 327 718 372 quod
745 327 831 362 illud
859 327 983 362 lumen
1010 327 1151 362 clarum
1171 337 1234 361 su-

65 389 139 424 bito
167 389 301 423 factum
330 391 383 423 est
412 387 657 422 rubicundum
684 390 720 422 et
751 387 974 422 flammeum.
1002 386 1077 422 Hoc
1108 389 1233 422 autem

65 449 289 495 significabat
307 447 403 493 quod
422 446 760 493 appropinquabant
780 451 917 492 septem
939 446 1154 481 candelabra
1171 457 1235 481 ru-

66 509 203 544 tilantia
222 512 257 543 et
275 507 448 543 ardentia.
469 506 558 541 Dicit
577 516 686 552 ergo:
710 507 877 540 ,llenlr’io
897 507 940 539 ιη’
956 508 1112 549 andana,
1132 506 1232 549 idest,

64 567 209 603 interim
229 567 316 602 dum
336 567 445 611 ibam,
460 570 540 601 lullo
560 575 711 609 sospem,
733 565 834 609 idest,
851 565 1129 610 cogitabundus,
1149 565 1232 600 abs—

66 631 214 672 tractus,
242 631 298 662 {ra
326 631 416 661 tsmte
439 627 599 671 pri'me‘ze'e
633 626 709 660 clell'
720 629 837 659 eterno
866 627 1030 669 piacere5
1059 625 1234 670 primitias

65 690 170 722 vocat
198 687 322 722 lumen
349 690 384 721 et
412 685 617 729 melodiam,
637 695 719 730 quae
746 687 851 719 erant
878 684 1046 729 quaedam
1076 694 1233 729 przeam—

64 746 150 781 bula
178 749 402 781 {eternorum
430 745 610 779 donorum
640 744 882 788 venientium3
905 754 922 777 e
947 744 1088 786 disioso,
1108 753 1152 778 ex
1172 754 1234 788 spe

63 805 157 840 illius
176 805 321 840 luminis
341 808 373 839 et
394 808 532 847 cantus,
553 803 637 848 quia
660 803 897 848 expectabam
918 802 1040 838 videre
1061 813 1082 837 a
1102 802 1234 847 quibus

65 869 267 909 utrumque
301 863 532 909 procederet3
567 866 602 898 et
629 872 732 898 ecce:
769 864 804 896 L'
820 864 896 896 aire
927 864 956 896 se?
980 864 1014 907 se
1040 864 1186 897 clinem-zi
1212 873 1234 896 (ι

65 926 134 968 noi,
162 925 275 970 poetis
308 928 343 959 et
375 923 542 967 Mathildi,
571 926 657 957 sollo
685 924 696 956 ί
727 923 825 956 z-erclz?
851 924 956 965 rami,
981 922 1157 957 arborum
1186 922 1233 957 ibi

66 984 275 1027 virentium,
303 985 351 1017 (al
373 984 456 1027 qual
473 993 516 1016 zm
534 984 613 1027 foco
632 992 772 1025 acceso,·
791 985 869 1016 erat
888 981 983 1016 idem
1006 982 1128 1016 lumen
1149 992 1233 1016 cum

64 1043 181 1088 primo
214 1042 274 1077 sed
310 1042 423 1088 magis
456 1042 720 1087 propinquum,
753 1045 789 1076 et
830 1041 1012 1076 similiter:
1046 1052 1062 1075 e
1083 1042 1104 1075 'l
1139 1043 1234 1076 dolce

64 1112 186 1145 suono,
210 1102 310 1147 idest,
330 1101 484 1137 melodia
512 1101 692 1146 praedicta,
713 1111 775 1135 era
801 1096 860 1145 9ῖὰ
886 1103 995 1136 inlesa
1019 1112 1083 1145 per
1110 1105 1234 1146 caulo,-

65 1162 142 1196 vult
163 1161 285 1196 dicere
311 1161 408 1206 quod
435 1165 583 1206 propter
605 1161 912 1206 propinquitatem
940 1161 1107 1206 apparuit
1137 1161 1232 1195 illam

67 1220 260 1256 melodiam
288 1231 366 1256 esse
393 1221 628 1256 cantantium.
657 1221 697 1255 Et
727 1225 811 1255 nota
830 1220 926 1265 quod
949 1220 1042 1255 bene
1062 1220 1235 1255 assimilat

66 1281 173 1315 istum
203 1281 431 1326 splendorem
460 1281 542 1326 igni,
571 1280 656 1324 quia
685 1280 851 1315 veniebat
882 1290 903 1314 a
935 1279 1068 1325 Spiritu
1095 1284 1234 1324 sancto,

65 1341 127 1386 qui
155 1341 291 1386 ubique
318 1340 499 1386 figuratur
526 1340 560 1374 in
589 1340 680 1385 igue.
697 1359 745 1364 —
764 1342 802 1374 Ο.
824 1339 886 1374 Hic
906 1343 1011 1384 poeta
1033 1339 1234 1384 descriptu-

65 1411 128 1435 rus
155 1401 265 1435 altam
294 1399 484 1434 materiam
513 1399 594 1434 facit
622 1399 886 1433 invocationem
910 1409 1014 1433 suam
1037 1398 1083 1433 ad
1111 1409 1235 1433 musas

65 1460 262 1505 implorans
295 1459 494 1493 subsidium
529 1462 564 1493 et
599 1458 761 1493 favorem
794 1468 936 1503 earum,
972 1458 1056 1503 quia
1090 1467 1235 1503 semper

64 1520 200 1555 studuit
236 1519 329 1564 ipsas
366 1519 565 1561 bonorare,
601 1518 681 1553 ideo
716 1517 849 1553 debent
884 1518 1024 1563 dignari
1060 1518 1235 1552 adiuvare

66 1580 192 1625 ipsum.
221 1579 311 1614 Dicit
338 1588 445 1623 ergo:
479 1580 507 1612 O
533 1587 634 1612 sacre
658 1581 756 1611 sante
779 1579 924 1620 verffl'ni,
943 1577 1044 1621 idest,
1064 1588 1085 1612 o
1104 1577 1233 1612 divinae

67 1649 181 1673 musae
209 1649 290 1683 quae
318 1638 429 1673 facitis
457 1637 621 1672 homines
640 1647 761 1672 sacros
789 1640 824 1672 et
851 1640 1004 1681 sanctos,
1027 1637 1120 1672 sicut
1142 1637 1235 1672 bene

65 1698 219 1734 ostendit
245 1697 382 1732 Tullius
410 1697 445 1731 in
472 1697 637 1732 oratione
664 1706 729 1741 pro
756 1696 886 1731 Archia
912 1699 1135 1741 praeceptore
1155 1707 1233 1740 suo,

65 1759 189 1801 cayae'on
216 1758 263 1791 mi
287 1767 433 1801 sprona,
454 1756 553 1800 idest,
576 1760 682 1802 urget
705 1759 741 1791 et
765 1756 925 1791 stimulat
954 1766 1023 1801 me,
1048 1756 1132 1800 quia
1152 1766 1232 1790 sum

67 1817 101 1851 in
129 1816 279 1851 articulo
307 1816 399 1860 forti,
424 1817 473 1850 ch'
489 1818 521 1849 io
549 1814 660 1851 merce*
685 1827 726 1850 ne
751 1817 890 1859 cln‘cmnss,
913 1816 1013 1859 idest,
1043 1816 1232 1861 implorem

67 1876 260 1921 benignam
288 1875 442 1921 gratiam
472 1879 641 1919 vestram,
669 1886 704 1909 se
731 1877 802 1910 ηιαί
818 1877 968 1919 solsersi,
988 1876 1016 1910 si
1045 1886 1110 1920 pro
1137 1874 1233 1919 quia,

63 1937 165 1980 sami,
177 1936 295 1979 [reddi
315 1946 336 1967 o
356 1936 487 1978 viffllioe
508 1945 591 1969 nam
613 1935 692 1969 baec
711 1934 941 1969 incommoda
970 1937 1005 1969 et
1031 1934 1099 1968 alia
1120 1934 1234 1968 multa

66 1994 141 2039 tuli,
164 2005 230 2038 per
260 1995 325 2037 roi,
354 2004 419 2039 pro
446 1993 594 2028 scientia
627 1993 764 2038 poetica
799 1993 1022 2037 acquirenda
1054 1996 1090 2027 et
1124 1992 1236 2027 susci-

67 2053 184 2097 tanda,
213 2064 295 2098 quae
323 2056 470 2088 mortua
498 2057 575 2087 erat
604 2056 769 2097 tempore
803 2062 896 2087 meo.
926 2052 968 2086 Et
1003 2052 1114 2097 tangit
1149 2062 1236 2087 cau-

68 2123 144 2147 sam
173 2112 419 2156 invocationis,
447 2112 588 2147 dicens:
621 2122 663 2145 ον
689 2121 832 2154 cannen,
861 2111 961 2155 idest,
990 2111 1097 2146 modo
1125 2121 1235 2156 expe-

68 2172 128 2216 dit,
156 2173 213 2207 che
247 2174 402 2215 Elicona,
434 2172 510 2206 sons
542 2171 700 2215 Parnasi,
728 2171 772 2206 (le
803 2171 906 2206 cuius
936 2181 1031 2215 aqua
1065 2171 1236 2205 dicuntur

69 2236 195 2277 potare
221 2235 347 2276 poetae,
378 2242 444 2275 pet·
476 2242 527 2264 me
559 2233 660 2274 versi,
687 2231 788 2275 idest,
821 2241 947 2266 versus
980 2231 1097 2275 faciat,
1134 2230 1234 2275 quasi

69 2292 180 2327 dicat:
210 2302 306 2325 nunc
333 2294 474 2336 oportet
502 2290 598 2335 quod
626 2290 792 2325 hauriam
825 2290 869 2325 de
899 2290 996 2326 fonte
1024 2290 1163 2335 poetico
1190 2290 1234 2324 ad
