1766 2856
492 220 560 251 108
850 223 1053 249 comm-TUM
1080 222 1299 248 PURGAToan

490 301 655 334 mentum
683 296 856 342 corporis,
885 297 919 330 in
955 298 1039 339 alte,
1071 294 1174 340 idest,
1201 293 1403 330 actualiter.
1437 293 1537 329 Sicut
1563 294 1661 330 enim

489 368 561 393 non
589 357 796 393 debilitatur
822 356 881 391 vel
907 355 1027 390 deficit
1046 358 1158 390 nauta
1178 364 1271 390 nave
1291 353 1476 389 destructa
1497 354 1554 389 vel
1576 364 1664 389 con-

489 418 614 462 fracta,
642 416 750 451 scissa
778 416 835 451 vel
862 416 1065 451 inveterata
1081 410 1130 459 (⁴),
1154 414 1202 450 ita
1230 414 1353 450 anima
1372 417 1482 449 exuta
1510 424 1665 459 corpore

490 477 598 512 habet
625 476 720 511 vires
747 486 843 521 SuaS,
872 475 954 511 licet
980 485 1053 510 non
1080 477 1207 510 utatur
1232 474 1416 521 organice,
1440 484 1513 509 non
1540 477 1665 510 tamen

491 539 657 573 remanet
684 536 811 581 otiosa,
839 536 913 571 imo
941 535 1072 571 retinet
1099 535 1195 571 vires
1222 534 1460 571 intellectivas
1483 534 1611 569 fortius
1630 536 1666 569 et

491 597 695 644 perfectius.
723 597 766 631 Et
798 596 901 631 dicit:
937 597 1061 630 I’allre
1089 597 1247 639 polenzz'e
1279 598 1358 630 tutte
1392 598 1517 638 quante
1553 597 1667 638 nnete,-

492 657 628 703 supple,
657 656 943 700 remanentibus,
978 655 1071 690 sicut
1104 655 1195 699 visu,
1227 654 1366 699 auditu,
1399 665 1539 699 somno,
1574 653 1666 700 vigi-

491 717 537 752 lia
560 719 818 752 ele—Senm.
838 716 901 751 Hic
929 715 1063 750 Statius
1090 714 1245 750 ostendit
1277 725 1350 760 quo
1382 715 1507 750 tendat
1541 714 1664 750 anima

491 777 541 812 sic
568 780 754 822 separata,
782 779 818 811 et
846 775 923 810 vult
949 775 1070 810 dicere
1098 784 1172 809 uno
1195 774 1308 810 verbo
1328 774 1425 820 quod
1445 774 1525 809 talis
1543 774 1666 809 anima

491 836 610 872 subito
638 836 734 871 vadit
760 836 805 871 ad
833 835 1016 871 infernum
1049 835 1106 870 vel
1140 835 1408 881 purgatorium.
1437 834 1539 870 Unde
1565 834 1665 870 dicit:

491 900 527 932 et
553 897 611 931 illa
639 896 772 940 anima,
799 906 907 930 senza
934 896 1087 939 ristarsa',
1115 894 1217 940 idest,
1241 894 1318 930 sine
1344 904 1462 939 mora,
1488 895 1574 929 cade
1602 904 1668 938 per

491 967 526 990 se
551 959 672 999 slessa,
693 955 902 1002 impellente
920 955 1039 990 divina
1053 954 1204 1001 justitia,
1224 954 1486 997 mirabilmenle,
1506 954 1590 999 quia
1613 954 1668 988 in—

494 1016 639 1051 visibilis
667 1019 732 1061 est,
772 1017 916 1050 all'umz
951 1017 1036 1051 delle
1066 1016 1153 1059 rere,
1186 1014 1330 1059 scilicet,
1365 1014 1423 1049 vel
1457 1014 1670 1049 Acherontis

493 1076 663 1121 fluminis,
691 1076 753 1111 uhi
781 1076 925 1111 Charon
945 1079 1056 1111 nauta
1079 1078 1301 1121 transportat
1327 1075 1467 1110 animas
1494 1075 1530 1109 in
1558 1074 1669 1109 inser—

493 1147 604 1181 num,
633 1136 691 1171 vel
718 1136 831 1172 faucis
857 1136 1046 1180 Tiberinae,
1075 1135 1136 1170 ubi
1163 1136 1316 1181 angelus
1345 1138 1567 1181 transportat
1590 1134 1669 1169 ani—

493 1207 571 1232 mas
598 1196 643 1231 ad
670 1195 937 1242 purgatorium,
962 1198 1120 1240 uterque
1147 1195 1181 1229 in
1208 1195 1311 1230 navi:
1334 1195 1456 1230 anima
1480 1194 1575 1230 enim
1599 1195 1665 1230 ob—

492 1256 621 1291 stinata
649 1256 769 1290 statim
798 1255 939 1291 festinat
970 1255 1015 1290 ad
1046 1255 1330 1299 damnationem,
1365 1254 1543 1300 poenitens
1576 1264 1664 1290 vero

491 1319 618 1362 sponte
645 1315 787 1351 festinat
813 1315 858 1350 ad
886 1315 1155 1361 purgationem,
1175 1318 1216 1349 ut
1235 1318 1391 1361 purgata
1409 1314 1598 1360 perveniat
1620 1314 1665 1349 ad

491 1376 638 1411 crolum.
668 1375 768 1411 Unde
795 1375 998 1411 secundum
1025 1375 1261 1419 Avicennam,
1284 1378 1320 1409 et
1342 1374 1554 1421 Algagelem
1583 1374 1665 1409 imi-

492 1438 648 1471 tatorem
668 1435 757 1480 eius,
772 1435 895 1470 anima
914 1435 1077 1470 humana
1096 1438 1176 1480 post
1195 1438 1353 1469 mortem
1377 1434 1603 1469 convertitur
1621 1434 1666 1469 ad

490 1495 616 1530 lumen
656 1494 900 1541 intelligentiae
932 1494 1083 1540 agentis.
1121 1494 1221 1529 Isaac
1258 1504 1347 1529 vero
1387 1493 1481 1538 dicit,
1523 1493 1663 1529 animas

487 1554 663 1600 J'ustitiam
692 1555 851 1590 colentes
879 1564 958 1589 esse
991 1553 1026 1588 in
1064 1553 1153 1588 orhe
1180 1563 1354 1598 supremo
1386 1553 1421 1587 in
1452 1552 1664 1598 psalmodia,

493 1617 603 1649 cantu
631 1617 665 1649 et
688 1614 933 1660 jocunditate,
954 1623 1037 1658 quac
1064 1616 1190 1648 autem
1224 1612 1358 1647 fuerint
1384 1611 1513 1647 deditae
1541 1612 1670 1647 obsce-

494 1673 547 1708 nis
573 1674 714 1708 actibus
741 1674 999 1719 deprimuntur
1027 1673 1094 1707 sub
1122 1673 1250 1708 orbem
1275 1671 1510 1707 tenebrosum
1540 1672 1575 1707 in
1604 1672 1668 1707 tri-

494 1732 599 1778 stitia,
616 1736 652 1768 et
670 1733 705 1768 in
725 1733 807 1779 igne
826 1743 961 1780 magno
980 1732 1165 1778 perpetuis
1184 1731 1355 1767 incendiis
1370 1735 1666 1767 concremantur.

494 1791 536 1827 Et
563 1792 664 1828 dicit:
694 1794 798 1837 quivi,
828 1792 973 1838 scilicet,
993 1793 1029 1827 in
1054 1793 1169 1827 altera
1195 1792 1375 1827 dictarum
1404 1791 1580 1837 riparum,
1608 1802 1667 1826 co-

493 1862 594 1887 nosce
615 1854 737 1897 prima
764 1854 793 1887 le
819 1863 878 1887 sue
903 1853 1035 1895 scr-acle,
1064 1851 1164 1896 idest,
1193 1862 1305 1897 quam
1335 1851 1431 1886 viam
1459 1854 1585 1887 tenere
1604 1850 1668 1887 de-

493 1912 587 1958 beat,
608 1913 665 1948 vel
687 1913 732 1948 ad
750 1912 904 1959 gloriam
925 1912 982 1948 vel
1000 1912 1045 1947 ad
1065 1912 1261 1947 miseriam.
1281 1912 1324 1946 Et
1342 1911 1461 1947 subdit
1481 1912 1666 1957 quomodo

492 1973 613 2008 anima
641 1973 843 2019 disponitur
870 1973 917 2008 ibi
943 1972 989 2008 ad
1013 1983 1172 2019 poenam,
1201 1972 1342 2008 dicens:
1371 1976 1457 2006 tosto
1480 1973 1538 2006 che
1564 1974 1668 2016 &1090

493 2029 516 2067 Ιὶ
544 2034 578 2067 la
605 2034 847 2076 clrconscrive,
868 2032 969 2078 idest,
990 2033 1127 2079 relegat
1146 2032 1258 2078 ipsam
1287 2031 1447 2067 animam
1471 2032 1527 2067 vcl
1551 2032 1587 2067 in
1612 2033 1668 2068 in—

495 2092 598 2128 ferno
625 2092 681 2127 vel
710 2092 744 2126 in
772 2092 997 2138 purgatorio,
1022 2093 1058 2127 la
1080 2089 1176 2127 vertet
1191 2093 1399 2137 formaliva,
1423 2102 1505 2137 quae
1533 2091 1666 2128 format

492 2155 528 2187 et
554 2151 739 2198 distinguit
766 2162 871 2187 suam
900 2152 1068 2198 speciem,
1096 2153 1227 2196 rayyz'a
1253 2153 1404 2195 ίηίονηο,
1442 2154 1477 2186 et
1504 2151 1665 2197 loquitur

556 2279 582 2308 (¹)
600 2279 628 2302 E.
647 2279 686 2302 vel
704 2281 809 2308 arctata,
828 2279 869 2302 ita.
