1766 2856
515 211 583 244 134
873 215 1076 241 COMENTUM
1102 214 1324 240 PL'RGATORII

510 293 593 336 ptus
619 289 664 324 ad
692 288 881 324 servitium
910 297 1036 322 meum
1065 287 1158 323 sicut
1185 286 1294 322 modo
1313 287 1606 332 jurasti3clz·1mni
1628 288 1687 322 che

512 348 532 385 e*
555 351 679 393 cclffl‘on
702 345 830 392 perche*
854 348 1014 382 (Iimoslri
1044 348 1078 382 [Γ
1092 349 1226 382 acet-mi
1257 357 1342 381 caro
1376 348 1433 381 nel
1463 348 1552 391 dire„
1584 347 1686 392 idest,

512 408 694 453 loquendo
723 406 947 442 familiariter
974 417 1133 452 mecum,
1157 407 1257 442 velut
1284 406 1311 441 si
1339 405 1426 441 alias
1453 406 1581 442 fuisses
1608 416 1688 442 me-

513 478 610 512 cum,
630 479 647 502 e
668 469 724 502 nel
739 468 916 511 qum-dar,
936 467 1037 502 velut
1056 467 1084 502 si
1104 467 1214 502 velles
1233 476 1456 513 cognoscere
1481 477 1552 512 me,
1576 476 1686 512 quem

513 532 637 563 tamen
664 537 869 572 numquam
897 527 1023 562 vidisti.
1054 527 1095 562 Et
1122 526 1242 562 subdit
1272 530 1379 573 poeta
1412 527 1685 573 responsionem

512 598 617 623 suam
644 587 689 623 ad
717 598 815 632 eum,
843 587 983 623 dicens:
1008 598 1026 622 e
1052 589 1084 622 io
1111 598 1134 622 a
1161 589 1220 630 lui,
1243 588 1382 633 supple,
1411 587 1578 633 respondi
1598 587 1688 623 Gui-

512 647 618 683 doni:
654 649 678 682 la·
710 649 800 682 (Iolci
835 648 909 682 dille·
943 649 1061 690 vostri,
1098 646 1230 692 scripta
1263 646 1299 681 in
1337 647 1457 691 cartis,
1485 648 1544 681 che
1575 649 1689 692 faran
1737 674 1740 677 .

514 709 592 742 cari
622 718 756 741 ancora
784 709 795 741 ι’
821 709 897 741 loro
925 708 1112 750 incleioscri,
1142 705 1242 751 idest,
1270 706 1404 751 literas,
1440 707 1526 752 quia
1553 707 1687 742 scilicet

516 770 625 803 erunt
652 767 687 801 in
711 766 827 812 pretio
847 769 882 802 et
901 766 1162 811 laudabuntur,
1190 770 1318 812 quanto
1337 762 1469 801 durerd
1489 768 1509 800 l'
1525 777 1585 801 uso
1614 777 1689 801 mo-

515 828 638 871 derna,
661 826 760 870 idest,
781 826 956 871 quamdiu
979 826 1125 861 durabit
1145 826 1267 861 dicere
1286 826 1321 861 in
1341 827 1513 872 rhythmo
1532 836 1606 871 quo
1625 826 1690 861 de—

514 887 695 922 lectantur
723 886 899 922 moderni.
915 906 964 911 —-
984 888 1012 921 O
1035 888 1138 931 frate.
1162 886 1226 922 Hic
1253 890 1362 932 poeta
1389 886 1526 922 inducit
1552 886 1689 922 dictum

515 946 718 982 Guidonem
747 946 937 982 laudatum
964 946 1010 982 ab
1038 957 1093 992 eo,
1121 947 1166 982 ad
1195 947 1528 982 commendandum
1560 957 1692 993 quem7

516 1006 599 1042 darn
628 1006 795 1052 spiritum
822 1006 1055 1051 modernum,
1085 1017 1195 1052 quem
1224 1006 1371 1052 praefert.
1398 1006 1463 1042 sibi
1491 1010 1527 1042 et
1553 1007 1631 1042 aliis
1655 1007 1692 1042 in

517 1069 597 1102 arte
616 1066 832 1102 inveniendi.
853 1066 904 1101 Ad
923 1066 1028 1101 cuius
1047 1066 1290 1113 cognitionem
1314 1066 1397 1101 volo
1418 1070 1452 1101 te
1470 1066 1574 1110 scire,
1594 1066 1691 1111 quod

517 1126 584 1161 iste
611 1136 768 1172 magnus
795 1126 962 1161 inventor
991 1126 1055 1162 fuit
1083 1125 1231 1171 quidam
1265 1125 1493 1172 provincialis
1527 1129 1693 1171 tempore

518 1186 724 1232 Raymundi
760 1185 970 1232 Berengerii
1004 1186 1088 1221 boni
1124 1185 1266 1221 comitis
1300 1186 1511 1232 provinciae,
1546 1186 1694 1221 nomine

519 1245 710 1291 Arnaldus,
738 1246 955 1292 cognomine
983 1256 1072 1281 vero
1099 1246 1235 1291 Daniel,
1264 1246 1319 1281 vir
1353 1246 1501 1291 quidem
1533 1246 1692 1291 curialis,

518 1305 678 1352 prudens
693 1309 728 1341 et
744 1316 867 1352 sagax,
883 1305 945 1351 qui
966 1305 1101 1341 invenit
1121 1306 1235 1341 multa
1255 1309 1290 1341 et
1309 1306 1435 1352 pulcra
1453 1306 1547 1341 dicta
1564 1306 1694 1352 vulga-

520 1365 592 1410 ria3
619 1376 641 1400 a
669 1376 743 1410 quo
771 1365 968 1401 petrarcha
992 1365 1172 1401 fatebatur
1192 1369 1319 1411 sponte
1347 1376 1385 1401 se
1411 1366 1594 1411 accepisse
1614 1375 1695 1401 mo-

518 1425 606 1461 dum
638 1429 674 1461 et
707 1425 831 1460 stilum
859 1425 1048 1460 cantileuae
1076 1425 1120 1460 de
1147 1429 1308 1470 quatuor
1340 1425 1531 1472 rhythmis,
1558 1428 1594 1461 et
1622 1435 1695 1461 non

518 1496 539 1521 a
567 1485 691 1520 Dante.
720 1485 794 1529 Hic,
824 1484 911 1519 dum
940 1484 1118 1520 senuisset
1145 1485 1180 1519 in
1213 1488 1439 1531 paupertate,
1468 1485 1550 1520 fecit
1581 1485 1696 1520 canti-

519 1545 639 1580 lenam
668 1545 941 1590 pulcerrimam,
970 1555 1081 1589 quam
1110 1544 1206 1579 misit
1229 1555 1294 1590 per
1322 1545 1491 1579 nuntium
1520 1555 1631 1580 suum
1650 1545 1696 1581 ad

520 1614 647 1650 regem
674 1603 847 1649 Franciae,
872 1603 1020 1650 Angliae,
1041 1607 1075 1639 et
1094 1603 1139 1639 ad
1166 1604 1254 1639 alios
1282 1604 1461 1650 principes
1488 1604 1696 1650 occidentis,

521 1674 666 1710 rogans,
694 1667 734 1698 ut
761 1663 1073 1708 quemadmodum
1094 1663 1168 1709 ipse
1187 1673 1272 1698 cum
1292 1674 1447 1709 persona
1466 1664 1616 1709 juverat
1634 1673 1698 1699 eos

519 1723 769 1769 delectatione,
792 1723 841 1759 ita
863 1723 926 1769 ipsi
946 1733 1031 1758 cum
1061 1723 1207 1759 fortuna
1235 1734 1301 1759 sua
1324 1724 1500 1770 juvarent
1519 1734 1605 1760 eum
1625 1724 1698 1759 uti—

520 1783 629 1818 litate.
659 1783 750 1818 Cum
779 1786 903 1818 autem
923 1783 1073 1818 nuntius
1100 1787 1180 1829 post
1206 1784 1274 1819 hoc
1303 1787 1523 1830 reportasset
1543 1784 1697 1819 multam

521 1843 728 1889 pecuniam,
756 1843 843 1878 dixit
870 1843 1069 1878 Arnaldus:
1098 1843 1201 1878 Nunc
1229 1843 1346 1888 video,
1375 1843 1472 1889 quod
1500 1843 1598 1879 Deus
1624 1854 1698 1879 non

522 1903 600 1938 vult
626 1913 686 1938 me
713 1902 981 1948 derelinquere.
1010 1903 1051 1937 Et
1078 1903 1251 1938 continuo
1284 1906 1430 1950 sumpto
1463 1903 1586 1939 habitu
1617 1914 1699 1939 mo-

523 1963 658 1998 nastico
686 1963 907 2009 parcissimae
933 1963 1016 1998 vitae
1042 1973 1188 2008 semper
1215 1963 1291 1998 fuit.
1325 1963 1377 1998 Ad
1409 1963 1552 1999 literam
1584 1973 1698 2010 ergo;

523 2022 605 2057 dicit
625 2026 752 2068 poeta:
773 2024 877 2067 disse,
898 2023 955 2059 ille
973 2023 1090 2058 Guido
1109 2023 1214 2058 mihi:
1230 2024 1350 2068 questi,
1369 2022 1431 2068 qui
1453 2026 1507 2057 est
1530 2022 1565 2057 in
1584 2023 1700 2059 socie-

522 2085 596 2118 tate
623 2092 706 2118 mea
733 2083 780 2118 ol)
807 2083 923 2118 simile
948 2083 1087 2128 vitium,
1107 2084 1198 2118 clz'io
1219 2084 1243 2117 te?
1262 2093 1399 2127 scerno,
1422 2081 1522 2127 idest,
1548 2082 1699 2118 ostendo

523 2143 597 2188 tibi,
625 2144 680 2178 eol
704 2144 787 2188 dito,
816 2146 854 2189 su
891 2145 1031 2187 me'fflior
1066 2143 1207 2188 sabbro,
1235 2143 1336 2188 idest,
1363 2142 1493 2178 artifex
1521 2145 1556 2178 et
1583 2142 1698 2189 magi-

523 2206 609 2249 ster,
642 2204 698 2238 del
726 2204 857 2247 parlar
885 2207 1054 2246 materno,
1082 2203 1182 2247 idest,
1213 2203 1366 2250 vulgari.
1399 2203 1441 2237 Et
1475 2205 1570 2247 nota,
1603 2202 1700 2247 quod

525 2263 693 2309 quamvis
726 2263 849 2310 lingua
883 2263 1112 2309 provincialis
1144 2274 1216 2298 non
1249 2264 1291 2298 sit
1325 2263 1461 2310 pulcra,
1498 2266 1619 2298 tamen
1645 2266 1700 2298 est
