1766 2856
499 270 570 300 450
895 268 1101 298 COMENTUM
1128 272 1296 296 PARADISI

497 361 623 387 rerum
652 349 756 385 rediit
783 349 829 384 ad
857 349 1078 394 Augustum,
1103 347 1165 392 qui
1190 347 1368 392 sapientia
1387 352 1423 383 et
1442 346 1590 382 solertia
1615 358 1683 383 sua

496 411 684 446 turbatum
705 420 838 455 corpus
858 408 1000 454 imperii
1019 408 1211 453 ordinavit,
1232 407 1330 453 quod
1350 407 1427 443 sine
1445 407 1556 443 dubio
1587 418 1683 443 nun-

496 481 608 516 quam
636 470 834 505 convenire
861 469 1047 515 potuisset,
1069 469 1133 504 nisi
1161 469 1269 504 unius
1291 468 1461 514 principis
1480 469 1681 515 voluntate,

496 531 600 576 quasi
630 541 703 566 una
730 530 852 566 anima
873 533 907 566 et
936 533 1059 565 mente
1083 533 1298 576 regeretur;
1318 528 1381 564 sed
1400 528 1524 564 verius
1543 529 1679 564 coelum

496 591 710 637 disponebat
738 594 875 625 tantam
906 590 1206 636 tranquiIHtatem
1226 593 1262 625 et
1280 589 1517 625 serenitatem
1539 589 1682 626 Christo

497 652 559 698 qui
587 652 656 687 sub
682 652 848 698 Augusto
877 651 1088 686 incarnatus
1115 654 1179 686 est.
1208 650 1272 685 Hic
1300 653 1425 686 tamen
1451 650 1680 686 felicissimus

497 713 690 749 hominum
720 713 854 748 multas
883 711 1108 747 infelicitates
1130 711 1268 756 habuit,
1290 711 1383 746 sicut
1408 711 1540 746 Juliam
1570 710 1679 746 filiam

497 773 848 818 meretricissimam,
869 776 903 808 et
926 772 1113 807 Tiberium
1134 782 1387 808 successorem
1409 771 1682 817 pessimum.—

496 837 557 869 Μα
584 829 646 868 cib.
676 833 739 868 Hic
767 832 992 868 Justinianus
1019 832 1134 879 tangit
1154 842 1367 878 supremam
1394 832 1551 879 gloriam
1580 832 1683 867 istius

496 893 600 939 signi,
628 893 712 938 quia
741 893 769 927 si
797 893 866 928 sul)
898 892 1064 939 Augusto
1099 896 1179 928 erat
1210 892 1303 928 facta
1338 893 1520 938 reparatio
1554 893 1682 929 mundi

497 954 593 989 male
620 953 790 999 dispositi,
824 953 893 988 sub
925 953 1069 989 Tiberio
1097 953 1191 989 facta
1219 957 1273 989 est
1309 953 1495 999 reparatio
1530 954 1683 989 humani

495 1014 642 1061 generis
669 1014 855 1049 damnati:
876 1018 912 1050 et
940 1015 1058 1060 primo
1085 1014 1338 1060 superextollit
1367 1014 1560 1061 magnifice
1587 1014 1681 1050 istud

496 1075 646 1120 factum,
674 1075 869 1110 ostendens
897 1075 996 1120 quod
1023 1075 1146 1110 omnia
1176 1075 1271 1110 sacta
1295 1075 1479 1121 praeterita
1500 1078 1536 1111 et
1557 1075 1683 1110 sutura

497 1139 581 1171 sunt
608 1147 741 1182 parum
771 1137 828 1171 vel
856 1136 942 1171 nihil
972 1139 1139 1182 respectu
1165 1136 1277 1171 istius.
1302 1136 1393 1172 Dicit
1415 1147 1523 1183 ergo:
1548 1139 1610 1171 Ma
1630 1131 1683 1171 cio

496 1198 554 1232 che
572 1198 596 1231 'l
620 1207 741 1241 seyne,
769 1196 916 1241 scilicet,
939 1196 1083 1242 aquilae,
1104 1197 1163 1231 che
1180 1198 1311 1241 pat-lar
1330 1198 1377 1231 mi
1391 1199 1470 1242 sace
1486 1198 1574 1241 fatto
1593 1207 1681 1231 αυεα

493 1259 626 1303 prima,
653 1257 799 1302 scilicet,
828 1260 913 1293 ante
939 1257 1139 1302 Tiberium,
1166 1268 1183 1291 e
1204 1259 1268 1302 poi
1294 1268 1357 1292 era
1380 1259 1527 1302 fallare,
1547 1257 1683 1293 scilicet

497 1321 577 1364 post
603 1317 804 1362 Tiberium,
832 1317 926 1353 sicut
953 1327 1019 1363 per
1046 1317 1322 1363 Vespasianum,
1338 1317 1549 1362 Traianum,
1569 1317 1683 1353 Anto—

497 1378 624 1413 ninum
662 1378 775 1424 pium,
804 1378 1067 1423 Alexandrum,
1095 1382 1131 1414 et
1168 1378 1216 1413 ita
1249 1378 1294 1413 de
1328 1377 1452 1413 multis
1486 1388 1604 1424 usque
1637 1378 1683 1414 ad

495 1438 786 1483 Constantinum,
816 1442 851 1474 et
879 1439 926 1474 ita
955 1438 1124 1484 deinceps
1154 1448 1271 1484 usque
1299 1438 1343 1473 ad
1372 1438 1491 1484 ipsum
1511 1438 1684 1474 Justinia-

497 1510 597 1544 num,
627 1503 663 1535 et
689 1500 735 1535 ab
763 1499 839 1545 ipso
870 1510 988 1545 usque
1015 1499 1060 1534 ad
1080 1499 1254 1535 Carolum
1280 1509 1471 1545 magnum,
1486 1510 1554 1544 per
1575 1502 1609 1535 Io
1627 1511 1684 1535 re-

494 1571 565 1604 gno
594 1562 735 1604 morlal,
767 1562 854 1594 clz’a
882 1562 929 1595 lui
954 1562 1132 1604 soyytace,
1162 1560 1263 1605 idest,
1299 1560 1493 1606 mundum,
1531 1561 1593 1606 qui
1629 1565 1683 1597 est

496 1620 663 1655 subditus
690 1620 735 1655 de
757 1621 846 1666 J'ure
874 1620 951 1665 sibi,
975 1622 1115 1655 diventa
1142 1622 1177 1655 in
1196 1631 1405 1665 apparenza
1422 1632 1512 1665 poco
1530 1633 1548 1656 e
1565 1632 1683 1667 scaro,

497 1680 712 1726 respective,
739 1691 775 1714 se
802 1681 837 1714 in
864 1691 970 1715 mano
998 1682 1036 1715 al
1060 1684 1157 1715 terzo
1189 1682 1315 1715 Cesare
1344 1683 1375 1715 δι’
1407 1683 1513 1726 mira,
1548 1682 1683 1718 scilicet

497 1740 533 1774 in
555 1750 667 1775 manu
684 1739 833 1785 Tiberiig
854 1740 920 1776 iste
940 1741 1005 1775 fuit
1025 1740 1301 1776 strenuissimus
1320 1751 1526 1786 armorum,
1547 1745 1584 1777 et
1603 1753 1682 1778 ma-

496 1811 567 1846 gna
597 1803 632 1835 et
661 1800 866 1846 periculosa
896 1801 990 1836 bella
1018 1801 1128 1847 gessit
1163 1811 1229 1846 pro
1264 1801 1408 1837 Caesare
1435 1802 1602 1849 Augusto
1629 1802 1683 1838 vi—

497 1860 588 1895 trico
608 1871 687 1905 suo,
705 1864 829 1896 tamen
851 1861 1104 1896 vitiosissimus
1121 1857 1178 1907 (Ἣ
1201 1861 1348 1907 Juvenis
1368 1862 1545 1908 ebriosus,
1568 1873 1681 1899 senex

496 1921 717 1966 luxuriosus,
752 1922 851 1957 canis
887 1922 1044 1957 rabidus.
1074 1922 1163 1957 Dicit
1194 1925 1317 1958 tamen
1351 1922 1526 1958 Horosius
1559 1922 1604 1958 de
1637 1933 1682 1959 eo

494 1981 593 2026 quod
612 1981 790 2027 Tiberius,
811 1982 897 2027 quia
920 1993 992 2018 uon
1018 1982 1173 2018 obtinuit
1193 1982 1228 2017 in
1248 1986 1377 2018 senatu
1398 1983 1495 2028 quod
1518 1983 1682 2019 Christus

493 2042 680 2077 coleretur
708 2053 774 2088 pro
797 2043 885 2088 Deo,
905 2053 951 2078 ex
982 2043 1278 2079 mansuetissimo
1297 2043 1459 2089 principe
1480 2054 1682 2079 conversus

493 2105 547 2137 est
574 2102 609 2136 in
638 2102 877 2138 saevissimam
906 2103 1083 2149 bestiam,
1113 2107 1148 2139 et
1175 2103 1277 2138 dicit:
1306 2114 1371 2138 con
1399 2105 1516 2138 occleio
1543 2105 1678 2149 cleiaro,

496 2162 595 2207 idest,
625 2163 809 2199 intellectu
840 2174 939 2209 vero,
967 2176 985 2199 e
1011 2175 1077 2199 oon
1104 2167 1220 2209 affetco
1236 2176 1342 2209 μανι),
1366 2164 1468 2209 idest,
1488 2164 1682 2200 affectione

498 2222 607 2257 clara.
637 2223 710 2258 Hoc
737 2223 821 2259 (licit
849 2225 935 2269 quia
961 2225 1063 2260 multi
1087 2229 1221 2272 negant
1241 2225 1346 2261 istam
1367 2226 1548 2261 rationem
1568 2236 1680 2271 quam

562 2355 589 2384 (¹)
607 2355 635 2378 Ε.
656 2355 832 2379 vitiosissinms
850 2356 1000 2383 hominum:
1015 2358 1125 2387 juvenis.
