1737 2836
371 246 507 271 (zAxTcs
535 245 724 271 VIGESIMUS
751 245 918 270 OCTAVUS.
1157 237 1223 268 179

58 318 211 363 sinistra,
248 320 278 352 si
312 319 446 352 chiama
474 319 561 360 Lete,
592 327 723 363 graece,
755 320 790 351 et
821 316 929 351 latine
964 315 1224 360 iuterpretatur

58 378 209 422 oblivio;
237 374 305 412 cosi
336 379 418 412 (Iall'
432 379 523 411 altro
550 379 633 420 lato,
661 377 804 420 scilicet,
838 376 999 420 dextero,
1026 377 1056 410 si
1089 376 1224 409 chiama

59 436 196 482 Εαηοθξ
217 438 267 472 sic
293 437 428 472 dictum
447 437 493 472 ab
511 439 573 481 Eu,
594 436 691 481 quod
710 439 761 471 est
782 436 933 480 bonum,
953 439 989 471 et
1010 446 1109 479 noys,
1129 434 1226 480 quod

59 501 112 534 est
139 508 261 542 mens,
289 497 391 542 quasi
427 497 521 532 bona
557 506 669 540 mens,
698 496 798 540 idest,
828 495 1004 531 memorIa
1032 495 1226 540 bonorum,

61 567 143 602 quae
182 557 275 592 bene
310 556 475 601 sequitur
502 555 546 590 ad
573 555 791 590 oblivionem
822 555 1016 589 malorum.
1045 555 1088 589 Et
1115 555 1228 601 tangit

61 616 315 652 correlativam
352 616 524 650 virtutem
564 614 758 650 amborum
796 614 1004 659 fluviorum,
1040 614 1184 649 dicens:
1212 625 1230 648 e

62 687 129 710 non
158 677 311 720 aclopra,
330 675 430 719 idest,
458 686 528 710 non
555 678 699 720 praestat
727 674 881 709 salutem
910 673 1058 718 homini,
1086 684 1122 707 se
1146 675 1228 717 pria

61 745 131 769 non
160 733 178 770 e*
202 738 350 778 (justam,
379 734 473 769 istud
504 734 652 778 flumen,
680 735 793 779 quinci
818 744 835 767 e
865 734 994 777 qm'ndi,
1038 732 1156 778 primo
1184 732 1229 767 de

62 795 217 839 Lethaeo,
241 794 399 829 secundo
430 794 474 829 de
506 795 641 839 Eunoe,
662 794 745 839 quia
780 803 850 828 non
882 793 1014 828 sufficit
1045 793 1228 828 abstinere

61 864 80 888 a
111 854 218 898 malo,
246 854 310 888 nisi
339 853 399 888 fiat
427 854 523 898 quod
551 854 687 888 bonum
707 857 771 888 est.
793 853 875 888 Ideo
902 853 995 887 bene
1021 852 1105 887 dicit
1122 857 1229 898 poeta

62 913 159 958 quod
186 913 356 948 oriuntur
377 913 423 947 ab
442 913 570 948 eodem
590 913 687 947 sonte
705 912 834 947 divinae
853 912 991 958 gratiae,
1012 911 1073 956 qui
1093 911 1166 946 exit
1184 912 1229 947 de

61 976 163 1018 petra
191 973 283 1017 viva,
303 983 386 1017 quae
414 976 465 1007 est.
493 972 666 1016 Christus,
690 972 724 1006 in
752 982 911 1017 quorum
941 975 1098 1016 utroque
1125 975 1231 1017 poeta

62 1032 252 1076 lavabitur,
280 1035 315 1066 et
342 1031 386 1066 de
414 1031 606 1076 utriusque
632 1042 728 1076 aqua
755 1031 925 1077 gustabit,
955 1034 991 1065 ut
1021 1031 1164 1076 patebit.
1190 1032 1231 1066 Et

63 1092 242 1127 concludit
270 1091 466 1126 bonitatem
492 1091 600 1126 huius
620 1101 727 1136 aquae
754 1101 836 1136 quae
866 1101 936 1125 non
964 1091 1071 1126 habet
1094 1101 1232 1136 parem,

63 1151 203 1186 dicens:
235 1154 318 1194 esto,
348 1150 448 1195 idest,
485 1150 550 1185 iste
581 1161 687 1195 sapor
719 1161 837 1195 aquae,
864 1149 883 1185 e*
912 1152 948 1185 (Ii
977 1161 1085 1194 sopra
1113 1161 1135 1184 α
1162 1152 1235 1185 lulli

63 1212 146 1245 altri
170 1212 305 1255 sapori,
332 1210 432 1255 idest,
461 1210 714 1256 superexcedit
736 1220 864 1245 omnes
886 1220 1043 1255 sapores,
1064 1210 1149 1254 quia
1168 1210 1233 1245 ha-

64 1271 124 1306 bet
151 1271 186 1305 in
213 1281 252 1306 se
278 1281 405 1306 omnes
433 1280 590 1316 sapores,
619 1270 680 1304 ubi
706 1280 802 1314 aqua
831 1273 952 1305 nostra
984 1269 1115 1304 dicitur
1150 1280 1234 1315 per—

65 1330 156 1366 fecta
176 1330 259 1375 quia
278 1326 312 1373 ζ’)
334 1330 476 1364 nullum
501 1329 608 1364 habet
627 1339 806 1374 saporem.
819 1350 866 1353 —
882 1332 924 1363 Ec
941 1339 1109 1372 avveqna.
1130 1330 1233 1364 Nunc

66 1389 192 1424 ultimo
221 1389 285 1424 ista
313 1389 384 1423 alta
411 1389 558 1423 domina
585 1388 682 1423 addit
710 1399 820 1423 unam
850 1389 1071 1434 potissimam
1091 1384 1124 1432 (²)
1147 1399 1234 1423 con-

65 1449 262 1484 clusionem
283 1448 326 1484 ad
342 1448 600 1483 ostendendam
618 1448 823 1484 felicitatem
841 1449 948 1483 liuius
964 1449 1042 1484 loci.
1059 1449 1101 1483 Et
1116 1449 1234 1494 primo

67 1512 101 1543 ut
133 1508 257 1544 reddat
285 1518 369 1543 eum
398 1512 576 1543 attentum
606 1508 781 1553 promittit
801 1519 905 1543 suam
932 1512 1075 1554 gratam
1104 1509 1235 1544 libera-

67 1568 213 1603 litatem.
242 1568 331 1602 Dicit
351 1578 459 1613 ergo:
480 1570 523 1602 El
544 1578 701 1611 avvefflea
720 1569 769 1602 ch’
785 1569 880 1602 assai
893 1579 1000 1612 possa
1020 1579 1113 1603 esser
1133 1570 1235 1603 sazia

68 1629 101 1662 la
123 1632 189 1662 sete
209 1632 279 1670 ma,
299 1627 399 1671 idest,
419 1627 569 1662 aviditas
588 1627 721 1662 sciendi
744 1628 788 1663 de
806 1639 897 1663 aura
917 1632 953 1663 et
970 1638 1067 1673 aqua
1087 1628 1186 1663 istius
1200 1623 1233 1672 θ’)

68 1687 210 1731 montis,
232 1688 397 1731 perclz'io
419 1685 480 1731 pise
507 1698 574 1721 non
603 1689 628 1721 ta·
653 1697 817 1731 scuoprct,
836 1687 1054 1723 declarando
1073 1691 1109 1723 et
1135 1687 1237 1723 dete-

68 1747 185 1794 gendo
212 1747 317 1782 istam
346 1746 549 1791 materiam,
578 1757 660 1791 quic
687 1747 879 1782 videbatur
897 1742 931 1792 (4¹)
968 1747 1028 1782 tibi
1064 1748 1148 1782 satis
1175 1757 1237 1782 oc-

68 1808 177 1851 culta,
194 1808 324 1841 (larolli
342 1817 384 1840 ιιη
405 1808 593 1840 corollario
602 1819 615 1851 ,·
634 1807 866 1842 corollarium
887 1807 1089 1852 appellatur
1109 1807 1237 1842 ultima

70 1865 264 1910 conclusio,
280 1876 362 1909 quae
381 1865 488 1900 datur
507 1869 583 1911 post
602 1866 689 1900 alias
708 1866 810 1911 quasi
831 1867 1013 1902 conclusio
1035 1866 1237 1901 conclusio-

69 1936 170 1971 num,
190 1925 239 1960 sic
258 1925 395 1960 dictum
414 1936 435 1960 a
454 1925 601 1969 corolla,
622 1925 721 1970 idest,
742 1936 853 1970 parva
876 1936 1023 1970 corona,
1043 1927 1146 1971 quasi
1174 1936 1237 1961 co-

70 1985 268 2030 ronarium,
297 1985 380 2030 quia
400 1980 433 2028 (⁵)
462 1985 570 2019 datur
597 1985 860 2030 disputantibus
880 1985 912 2019 in
940 1985 1151 2031 praemium3
1171 1996 1238 2021 αη-

68 2056 129 2080 cor
149 2056 214 2090 per
235 2047 377 2089 grazia,
409 2045 493 2089 quia
517 2045 583 2079 hoc
610 2048 648 2078 tu
679 2055 749 2078 non
778 2045 995 2090 somniabas,
1024 2049 1059 2080 et
1087 2045 1238 2091 egotibi

70 2115 140 2141 non
161 2105 410 2150 promiseram.
441 2105 482 2139 Et
509 2108 659 2140 excusat
678 2115 716 2139 sc
739 2104 783 2139 (lc
806 2104 870 2139 ista
897 2104 1130 2151 digressione,
1151 2106 1237 2151 quia

70 2165 137 2200 hoc
164 2165 245 2200 facit
273 2168 420 2210 propter
448 2164 747 2210 complacentiam
769 2174 885 2209 suam,
905 2164 1044 2199 dicens:
1073 2162 1119 2200 ne*
1132 2167 1237 2200 credo

132 2255 158 2283 (¹)
178 2257 220 2278 117
237 2262 251 2278 e
269 2255 298 2279 E.
316 2263 372 2285 quae
390 2256 491 2279 nullum
509 2256 591 2279 habet.
680 2256 704 2285 ’Ἴ
724 2256 752 2279 Ε.
770 2257 980 2286 potentissimam.

133 2293 158 2322 (⁸)
177 2292 206 2316 Ε.
224 2293 300 2317 huius
318 2294 418 2317 montis.
680 2294 704 2325 (¹)
724 2297 775 2323 117,
795 2295 902 2319 videtur.
1008 2295 1033 2324 (⁵)
1051 2295 1080 2318 E.
1098 2295 1174 2325 quod.
