1737 2836
368 211 504 236 CANTL‘S
531 210 721 235 leESIML'S
748 208 922 240 QUARTUS.
1186 202 1231 233 87

134 285 211 327 Pol,
229 284 429 326 rallaryati.
450 282 580 325 Quinta
610 285 644 317 et
673 282 800 316 ultima
823 280 998 326 particula
1018 280 1178 325 capituli,
1199 279 1235 315 in

61 354 134 389 qua
161 346 266 389 poeta
294 346 416 378 noster
442 341 597 377 ostendit
623 342 779 387 qualiter
807 344 985 387 purgatus
1012 340 1120 375 suerit
1149 339 1235 375 vitio

60 404 156 451 gulae
182 404 228 438 ab
255 403 396 450 angelo.
416 403 458 437 Et
477 402 594 447 primo
616 401 785 437 describit
809 412 940 436 novam
963 400 1233 446 dispositionem

61 464 223 510 ipsorum
253 463 375 507 trium,
404 461 549 506 scilicet,
579 471 750 507 magnam
781 464 815 496 et
848 461 995 506 longam
1028 460 1235 496 meditatio-

62 534 157 560 nem.
179 523 277 559 Unde
307 522 409 557 dicit:
437 524 510 556 Ben
531 523 619 556 mille
634 522 732 565 passi
748 531 766 555 e
780 518 841 564 piz‘c
867 522 898 554 σι’
920 524 1120 564 por-tammo
1149 521 1237 555 oltra

56 585 130 629 poi,
159 583 260 629 quasi
288 583 400 617 dicat:
429 581 562 616 ivimus
589 581 783 627 plusquam
814 590 927 615 unum
957 580 1111 615 milliare
1139 583 1237 624 post-

63 654 174 690 quam
202 643 408 678 audivimus
435 641 512 677 illas
535 651 655 686 voces,
678 642 880 685 rallaryatt',
904 640 988 685 quia
1009 639 1071 674 ubi
1090 639 1237 674 ibamus

62 704 180 750 primo
207 702 319 738 stricti
346 702 390 737 ad
419 702 534 747 ripam
562 702 672 736 altam
702 701 845 745 montis,
869 700 1068 735 redivimus
1087 699 1132 734 ad
1158 708 1238 734 me-

62 763 158 798 diam
187 763 282 798 viam
310 762 531 797 dimittentes
557 761 730 796 arborem
758 763 836 806 post
866 764 968 806 terga
996 762 1144 804 nostra;
1173 768 1239 793 nos

63 823 154 868 dico,
186 823 450 867 contemplando
486 823 623 856 ciascun
655 831 762 855 senza
792 821 935 864 parola.
972 820 1013 854 Et
1049 819 1106 854 hic
1141 822 1238 863 nota,

65 884 187 928 lector,
215 882 313 928 quod
339 885 448 917 autor
476 892 547 916 non
575 881 651 916 sine
678 891 789 916 causa
818 883 852 916 et
880 880 956 915 sine
976 889 1110 925 magno
1131 878 1238 913 mini-

64 943 174 978 sterio
202 942 300 988 fingit
323 942 420 986 quod
440 941 571 977 iverint
592 944 733 975 tantum
754 939 925 974 abstracti
945 939 1021 974 sine
1040 938 1235 983 locutione,

65 1013 149 1038 cum
178 1005 297 1038 essent
325 1005 398 1037 tres
425 1000 712 1046 eloquentissimi
739 1005 866 1045 poene,
890 999 955 1034 nisi
975 998 1073 1044 quod
1096 1008 1237 1044 praepa-

66 1062 194 1097 rabant
221 1061 366 1108 ingenia
393 1061 437 1097 ad
469 1061 662 1096 materiam
695 1059 880 1105 sequentis
913 1059 1059 1104 capituli
1090 1058 1239 1094 investi-

66 1121 236 1168 gandam,
273 1131 356 1166 quae
390 1120 669 1167 profundissima
710 1123 774 1165 est,
815 1120 863 1154 ita
904 1119 1001 1164 quod
1040 1118 1085 1154 ad
1125 1119 1237 1164 ipsam

67 1181 318 1218 elucidandam
354 1181 615 1216 laboraverunt
648 1180 755 1215 simul
791 1184 874 1224 tres,
910 1179 1042 1214 scilicet
1070 1178 1239 1225 Virgilius

68 1241 253 1287 naturalis,
274 1241 407 1277 Statius
435 1241 594 1285 moralis,
618 1244 653 1276 et
672 1241 805 1275 Dantes
832 1239 994 1274 divinus:
1014 1249 1098 1274 nam
1122 1248 1237 1284 pauca

69 1302 225 1348 capitula
252 1302 414 1337 invenies
441 1301 475 1335 in
505 1304 579 1336 toto
606 1303 775 1346 poemate
797 1309 880 1344 quae
898 1299 1055 1334 habeant
1074 1299 1154 1344 plus
1173 1298 1240 1333 dis-

67 1361 246 1397 ficultatis.
275 1361 316 1396 Et
342 1360 463 1395 subdit
490 1371 622 1395 novam
651 1370 779 1394 vocem
811 1359 973 1394 auditam
1006 1369 1116 1403 super
1144 1368 1237 1393 nova

67 1421 355 1457 consideratione
382 1431 524 1465 eorum,
544 1420 685 1455 dicens:
707 1420 818 1454 subita
842 1430 932 1463 voce,
955 1429 1037 1464 quae
1061 1428 1131 1453 non
1156 1428 1240 1463 pro-

68 1481 219 1517 cedebat
237 1481 283 1516 ab
301 1481 435 1516 arbore
450 1480 542 1515 sicut
557 1479 814 1525 praecedentes,
830 1479 891 1514 sed
911 1479 956 1513 ab
977 1478 1119 1525 angelo,
1135 1480 1241 1513 disse:

67 1543 126 1576 che
151 1542 279 1576 audate
302 1542 484 1585 pensando
510 1536 538 1574 si
568 1541 622 1574 roi
640 1543 691 1574 {re
708 1540 774 1573 soli
786 1542 803 1573 g>
822 1538 924 1584 quasi
941 1535 976 1582 (ἵ)
997 1538 1103 1573 tacite
1126 1538 1239 1584 tangit

68 1612 210 1646 eorum,
231 1601 330 1636 velut
357 1601 384 1635 si
412 1600 567 1635 diceret:
588 1600 654 1635 ista
674 1599 827 1634 materia
848 1609 919 1633 non
939 1598 1005 1633 fuit
1027 1599 1132 1644 plene
1155 1601 1239 1633 nota

68 1661 287 1707 philosophis
314 1664 349 1696 et
376 1660 513 1706 poetis3
542 1659 622 1694 ideo
649 1659 750 1694 dicit:
779 1659 908 1693 ond'z'o
930 1659 977 1692 mi
1001 1659 1119 1701 scosse',
1139 1657 1241 1702 idest,

72 1725 193 1757 motus
220 1724 256 1756 et
283 1721 452 1755 turbatus
479 1730 573 1764 sum,
598 1722 674 1753 tum
705 1718 788 1764 quia
817 1728 888 1753 vox
917 1717 983 1752 suit
1010 1717 1139 1761 subita,
1163 1720 1240 1751 tum

73 1781 158 1826 quia
187 1791 257 1816 non
284 1781 359 1815 visa
386 1784 440 1815 est
468 1780 640 1824 humana,
660 1790 680 1814 a
700 1778 817 1823 simili,
837 1788 931 1812 come
950 1779 1015 1823 fan
1034 1777 1133 1812 bestie
1158 1787 1242 1821 spa-

73 1843 203 1875 vencace
229 1851 246 1874 e
267 1841 394 1884 potere,
422 1839 522 1883 idest,
550 1839 669 1884 puttae,
698 1838 800 1883 quasi
828 1838 941 1872 dicat:
970 1848 1071 1872 eram
1096 1837 1243 1882 juvenis

72 1904 108 1936 et
135 1911 262 1945 novus⁷
285 1899 346 1934 ubi
369 1899 454 1934 socii
483 1898 554 1933 mei
582 1901 685 1933 erant
712 1898 850 1942 antiqui
879 1900 914 1932 et
942 1896 1057 1942 magis
1084 1896 1241 1941 experti:

72 1961 151 1996 ideo
178 1959 403 2005 comparatio
431 1961 484 1994 est
518 1957 602 1992 satis
638 1957 781 2002 propria
814 1957 858 1991 de
892 1966 930 1991 se
956 1956 1001 1991 ad
1029 1955 1180 2001 pullum.
1198 1975 1245 1979 —

74 2022 233 2055 Drizzai.
262 2019 324 2055 Hic
352 2022 456 2065 poeta
486 2017 655 2053 describit
681 2016 798 2062 ipsum
831 2016 1004 2062 angelum
1033 2016 1243 2060 loquentem

74 2085 109 2117 et
135 2081 349 2127 dirigentem
378 2090 461 2123 eos;
486 2078 581 2113 unde
607 2077 710 2112 dicit:
732 2077 882 2111 Drizzat'
900 2078 933 2110 la
953 2079 1049 2119 tesca,
1069 2075 1169 2119 idest,
1193 2074 1247 2109 vi-

75 2152 155 2177 sum
193 2140 486 2183 intellectualem,
516 2149 581 2182 per
614 2138 717 2172 veder-
748 2138 800 2171 cln‘
829 2138 928 2182 sossi,
960 2136 1105 2180 scilicet,
1137 2139 1246 2170 autor

140 2272 165 2301 (¹)
184 2274 236 2299 217,
254 2271 324 2301 quasi
343 2270 417 2293 tacite
436 2269 515 2298 tangit
532 2268 662 2292 ema—E.
680 2268 747 2298 quod
767 2267 840 2291 tacite
859 2267 938 2298 tangit
955 2273 1006 2290 cos.
