1737 2836
375 212 511 237 CANTUS
538 212 727 238 VIGESIMUS
753 213 912 238 TERTIUS.
1168 209 1211 238 57

42 296 106 332 per
133 295 176 320 ea
202 294 285 330 quae
299 285 377 330 Jam
396 284 558 330 exposita
577 288 661 320 sunt
678 296 789 331 supra
807 285 852 320 de
877 285 1030 320 mirabili
1050 285 1210 331 potentia

42 354 237 392 pomorum
264 348 299 379 et
326 354 441 389 aquae.
471 344 561 379 Dicit
588 354 696 390 ergo:
716 348 760 380 Et
782 347 837 380 elli
857 355 879 379 α
902 356 966 388 me,
987 344 1123 390 supple,
1143 344 1213 380 Fo-

42 405 156 441 resius
183 404 292 439 dixit:
329 401 422 438 vertet
448 405 532 438 cade
559 404 636 438 dell’
651 408 767 439 eterno
794 407 972 449 consigno,
999 405 1099 450 idest,
1127 415 1214 450 pro—

43 464 141 500 venit
167 474 213 500 ex
244 464 343 510 justo
374 463 511 509 Judicio
546 463 620 508 Dei,
658 464 703 499 ad
725 465 953 511 purgandam
981 466 1105 512 gulam
1134 465 1213 511 pin-

42 534 154 571 guem
181 527 216 559 et
244 526 403 567 unctam,
432 525 507 557 nell'
523 533 616 567 aqua
642 534 660 558 e
686 526 777 558 nella
795 526 932 569 ρίαηια,
958 525 1059 570 idest,
1079 525 1212 560 arbore

43 584 231 630 pomifera,
258 585 391 618 rimosa
419 584 566 626 aslielro,
595 593 677 628 quae
707 583 887 629 descripta
915 587 968 619 est
995 595 1116 630 supra,
1147 594 1212 618 on-

42 645 117 678 d'c'o
143 640 170 678 si
197 643 454 686 m’assolliylz'o‚
473 642 574 687 idest,
594 653 791 678 excarnor:
812 646 847 678 et
866 643 998 687 subdit,
1021 644 1119 688 quod
1140 654 1211 678 non

43 703 160 738 solum
188 702 262 748 ipse
280 702 342 737 sed
361 702 482 737 caeteri
503 702 620 738 taliter
639 702 854 748 puniuntur,
873 702 1013 738 dicens:
1037 706 1121 737 tutta
1141 706 1211 737 esca

41 766 150 807 yeme,
179 762 278 807 idest,
306 762 372 796 ista
400 762 594 797 multitudo
621 772 754 808 magna
782 772 893 807 quam
912 762 1030 797 cernis
1050 762 1107 797 hic
1133 772 1213 797 me-

42 833 128 858 cum
155 822 310 857 transire
337 822 404 857 sub
431 822 575 867 arbore,
599 823 657 856 che
677 824 880 866 plangendo
902 826 1017 866 cama,
1039 822 1209 857 dicendo:

42 883 188 917 Domine
214 882 307 916 labia
335 892 409 916 mea
436 883 582 926 aperies,
613 884 653 916 ut
679 881 816 917 dictum
845 885 898 917 est
925 892 1046 927 supra,
1073 883 1104 916 si
1139 877 1212 927 risci

42 945 143 976 santa
171 943 228 985 qm*
253 943 287 975 in
312 943 406 986 ssime
432 952 449 975 e
476 943 510 975 m
536 944 616 984 sele,
642 941 703 976 ubi
725 941 843 986 primo
870 942 990 978 fuerat
1015 941 1210 987 peccatrix,

40 1011 105 1046 per
130 1002 284 1044 sequitur
312 1002 346 1035 la
372 1002 454 1044 yola
481 1002 568 1035 ollre
587 1002 731 1044 misum,
752 1001 854 1046 idest,
876 1001 1069 1047 plusquam
1097 1012 1210 1047 expe-

45 1060 95 1096 dit
125 1060 171 1096 ad
202 1060 526 1096 substentationem
556 1060 650 1105 vitae,
678 1060 880 1096 secundum
908 1061 1211 1106 complexionem,

42 1123 201 1165 aetatem,
228 1120 362 1165 locum,
392 1124 547 1166 tempus,
574 1120 751 1165 laborem,
776 1121 964 1167 regionem
981 1118 1035 1165 (¹),
1064 1132 1148 1156 nam
1176 1121 1211 1155 in

43 1180 109 1214 hoc
137 1183 280 1225 oportet
306 1180 408 1225 sequi
437 1180 598 1215 medIum
623 1180 774 1225 virtutis,
798 1180 971 1225 quoniam
1000 1180 1087 1215 illud
1114 1180 1211 1225 quod

43 1243 96 1275 est
122 1239 315 1274 minimum
346 1240 418 1284 uni,
446 1240 551 1275 alteri
579 1243 632 1275 est
660 1240 825 1285 nimium,
853 1240 946 1275 sicut
976 1240 1210 1286 philosophus

42 1298 186 1334 adducit
213 1300 423 1345 exemplum
445 1299 489 1334 de
509 1299 636 1334 Milone
663 1299 820 1346 gigante,
840 1299 902 1344 qui
920 1309 1044 1345 pugno
1072 1303 1210 1334 macta-

42 1358 102 1394 bat
129 1363 290 1404 taurum,
317 1363 353 1395 et
386 1359 486 1394 illum
515 1362 659 1394 coctum
696 1359 911 1395 comedebat
935 1370 1001 1395 nec
1027 1360 1210 1406 gravaba—

43 1422 123 1463 tur,
152 1422 187 1454 et
214 1422 336 1454 tamen
363 1429 425 1464 pes
452 1418 545 1453 illius
573 1419 667 1454 tauri
695 1419 779 1454 satis
806 1419 931 1455 suisset
959 1419 1055 1454 mihi.
1080 1420 1121 1454 Et
1148 1420 1211 1455 de-

42 1478 155 1514 clarat
181 1488 330 1514 causam
350 1479 458 1513 huius
477 1479 581 1513 famis
601 1482 635 1514 et
653 1479 739 1523 sitis,
759 1479 900 1514 dicens:
922 1481 957 1513 L'
972 1481 1062 1514 odor
1080 1481 1211 1514 clz'esce

41 1538 96 1572 del
115 1549 222 1582 pomo
249 1549 266 1572 e
292 1539 380 1573 (lello
405 1548 574 1582 sprazzo,
602 1538 691 1574 idest
708 1533 756 1582 (ᾖ),
780 1549 888 1583 aqua,
917 1539 975 1572 che
1000 1540 1030 1573 si
1055 1540 1209 1574 (lislende

41 1608 80 1632 su
102 1608 168 1641 per
193 1608 257 1632 sua
282 1599 447 1641 verdum,
470 1598 613 1642 scilicet,
634 1598 669 1632 in
692 1608 815 1633 ramos
836 1598 989 1643 arboris,
1016 1600 1049 1632 ‘n’
1065 1600 1211 1634 accende

42 1666 141 1700 cura,
169 1657 269 1702 idest,
297 1657 486 1703 ingenerat
513 1657 614 1692 nobis
640 1657 852 1703 appetitum,
872 1658 908 1692 da·
925 1658 1003 1692 bere
1020 1669 1037 1692 e
1054 1659 1091 1692 dt
1109 1669 1211 1693 man-

41 1718 150 1760 mare.
166 1737 214 1742 —
228 1720 259 1752 E
283 1728 363 1751 non.
384 1718 447 1752 Hic
466 1717 634 1752 Foresius
652 1717 833 1764 assignata
853 1728 963 1753 causa
986 1728 1103 1764 poenae
1123 1718 1210 1754 isto—

44 1787 138 1821 rum,
154 1777 312 1822 assignat
331 1787 479 1812 causam
501 1777 707 1812 intensionis
727 1787 843 1823 poenae
863 1787 1005 1822 eorum,
1021 1778 1105 1823 quia
1122 1788 1210 1813 con—

43 1836 144 1871 tinuo
171 1836 306 1871 vadunt
326 1839 359 1871 et
380 1835 534 1871 redeunt
551 1836 595 1871 ad
622 1837 743 1872 locum
765 1837 906 1872 arboris
925 1841 960 1872 et
979 1847 1096 1882 aquae.
1120 1838 1210 1872 Dicit

43 1906 150 1942 ergo:
171 1899 202 1930 E
218 1900 332 1940 questo
350 1907 497 1940 spano,
521 1896 620 1941 idest,
640 1896 705 1931 ista
724 1896 971 1932 deambulatio
991 1908 1101 1942 quam
1122 1908 1210 1932 con-

43 1955 144 1990 tinuo
162 1955 325 2000 facimus,
343 1957 508 1999 ye'ramlo,
534 1955 629 1990 circa
652 1959 825 2001 montem,
848 1957 878 1990 si
900 1957 1088 2001 rinfresca,
1109 1956 1209 2002 idest,

43 2019 195 2051 renovat
221 2019 257 2051 et
284 2019 439 2061 reparat,
460 2019 581 2050 nostra
596 2026 701 2060 pena,
721 2015 866 2060 scilicet,
886 2016 1020 2051 samem
1044 2021 1080 2052 et
1103 2016 1209 2061 sitim,

42 2086 109 2109 non
132 2086 204 2119 pur
231 2086 301 2110 ιιηα
330 2077 432 2119 colla,
468 2075 570 2120 quasi
598 2075 709 2110 dicat:
739 2075 812 2109 imo
831 2075 1049 2121 saepessime.
1069 2076 1111 2112 Et
1131 2076 1208 2111 talis

43 2138 141 2170 recte
167 2134 273 2170 debet
300 2146 377 2170 esse
405 2145 511 2180 poena
539 2134 667 2180 gulosi,
696 2138 735 2169 ut
761 2135 853 2171 sicut
879 2145 974 2181 saepe
997 2136 1136 2171 solebat
1158 2136 1211 2171 ire

104 2265 129 2293 (¹)
148 2265 176 2287 E.
193 2268 217 2288 et
235 2265 379 2295 regionen1;
397 2272 455 2288 nam
473 2265 498 2288 in
516 2265 554 2288 his
571 2267 681 2294 oportet.
807 2263 833 2292 (²)
851 2264 880 2287 E.
897 2263 968 2291 idest,
988 2263 1018 2286 de
1036 2269 1108 2293 aqua.
