1766 2856
529 231 573 262 28
889 234 1091 259 coMENTUM
1118 232 1337 258 PURGATonu

529 311 550 344 I’
561 320 639 352 oro,
659 308 758 352 idest,
778 318 800 342 o
819 305 1032 342 execrabilis
1051 304 1226 350 cupiditas
1252 304 1345 349 auri,
1370 302 1497 348 perche*
1511 316 1583 340 non
1600 306 1701 349 reyyi

528 373 562 403 lu
582 370 602 403 Γ
616 369 764 412 appetito
781 367 832 401 ἅθ’
848 366 1015 399 mortali?
1028 361 1063 408 (¹)
1085 364 1170 410 quia
1188 364 1246 399 alii
1266 367 1440 409 appetunt
1460 364 1701 400 immoderate

528 431 676 474 propter
694 427 792 470 dare,
808 425 867 460 alii
885 428 1032 470 propter
1052 424 1220 460 retinere.
1240 424 1283 460 Et
1301 424 1421 459 subdit
1435 424 1700 460 correctionem

528 498 645 531 suam,
665 486 805 521 dicens:
834 487 927 520 allor
954 486 997 520 m'
1012 486 1160 529 αεσονεὶ,
1182 485 1240 519 clze
1258 486 1287 519 le
1310 486 1407 519 mani
1420 488 1548 529 potean
1575 488 1700 529 troppo

526 549 629 592 april·
656 548 752 590 l’ali,
780 545 886 580 nimis
905 545 1137 591 prodigaliter
1165 544 1383 580 effundendo
1411 548 1448 580 et
1474 545 1628 580 volando
1656 544 1701 580 ad

527 617 742 654 expensam:
763 617 780 641 e
794 603 942 651 pemdmi
959 601 1028 640 cos}
1046 607 1082 640 dt
1100 606 1188 649 quel,
1207 605 1352 649 scilicet,
1371 605 1479 649 malo,
1500 605 1589 640 idest
1616 615 1702 651 pro-

526 667 718 714 digalitate,
738 677 833 701 come
859 667 950 709 cleylaess
975 666 1058 699 altri
1075 666 1370 706 malet—Quanti.
1392 664 1454 700 Hic
1474 664 1609 700 Statius
1635 664 1701 700 da-

526 730 627 761 mnat
648 726 936 772 prodigalitatem
961 725 995 759 iu
1017 724 1235 768 hominibus,
1254 724 1315 769 qui
1331 724 1500 770 ignorant
1522 724 1699 761 malitiam

526 787 627 821 istius
653 786 739 831 vitii7
768 785 859 821 sicut
886 785 960 830 ipse
989 784 1070 820 fecit
1097 784 1141 819 ad
1169 788 1323 829 tempus.
1349 783 1450 819 Unde
1476 784 1560 819 dicit
1586 784 1701 819 inter-

527 846 708 892 rogative:
738 846 869 888 quanti,
896 844 1042 888 scilicet,
1069 843 1221 890 prodigi,
1249 853 1512 886 resoryerczmzo
1539 845 1593 878 coi
1625 845 1703 878 crin

525 907 639 947 seemi,
667 905 766 948 idest,
795 914 880 939 cum
909 903 1043 949 capillis
1070 903 1200 947 incisis,
1229 903 1325 948 quia,
1355 906 1394 937 ut
1419 902 1556 937 dictum
1584 906 1638 938 est
1666 902 1702 937 in

526 964 677 1009 inferno,
705 963 806 999 avari
836 967 1031 1009 resurgent
1057 963 1093 997 in
1120 962 1178 998 die
1206 961 1402 997 novissima
1424 972 1511 997 cum
1531 961 1701 997 manibus

527 1023 670 1068 clausis,
686 1026 722 1058 et
741 1023 879 1068 prodigi
899 1033 983 1057 cum
1004 1022 1164 1057 crinibus
1182 1022 1378 1066 diminutis,
1390 1033 1455 1066 per
1473 1023 1703 1066 l’rzssynoranza

526 1084 576 1118 clz'
590 1082 609 1118 e?
634 1085 670 1118 dvj
695 1087 812 1128 quesla
834 1093 964 1127 pec‹·a;
984 1081 1086 1127 quasi
1105 1081 1218 1117 dicat:
1240 1081 1344 1116 multi
1364 1081 1426 1126 qui
1449 1091 1521 1116 non
1548 1081 1701 1117 credunt

527 1153 692 1188 peccare,
721 1142 793 1177 inio
824 1152 917 1177 vane
943 1141 1148 1188 gloriantur
1184 1141 1329 1186 quando
1362 1141 1440 1186 plus
1472 1141 1700 1186 expendunt3

526 1203 606 1238 ideo
639 1203 742 1238 dicit:
782 1204 832 1237 1(ιῖ
863 1200 881 1237 ἐ
906 1204 930 1237 il
951 1203 1079 1247 pentir,
1107 1201 1207 1247 idest,
1236 1201 1315 1236 talis
1342 1204 1395 1236 est
1421 1201 1642 1247 poenitentia,
1665 1204 1702 1236 et

526 1273 634 1308 poena
654 1262 810 1297 habetur
829 1262 897 1307 hic,
913 1263 1071 1305 vivendo,
1087 1261 1122 1296 in
1137 1261 1286 1306 mundo7
1298 1272 1315 1295 e
1329 1263 1421 1304 neyless
1434 1263 1583 1305 eslremzf,
1598 1261 1700 1306 idest,

527 1323 563 1357 in
591 1322 683 1357 vitiis
712 1332 794 1367 quae
825 1325 910 1356 sunt
943 1325 1110 1357 extrema
1141 1321 1333 1367 virtutum,
1361 1322 1453 1357 sicut
1486 1321 1638 1357 avaritia
1666 1324 1702 1357 et

524 1382 767 1429 prodigalitas.
797 1383 839 1416 Et
875 1382 1002 1417 ultimo
1033 1381 1168 1417 Statius
1202 1381 1262 1416 dat
1294 1392 1410 1417 unum
1439 1382 1609 1427 notabile,
1637 1392 1702 1428 per

525 1442 622 1488 quod
643 1442 836 1487 respondet
856 1441 1045 1486 quaestioni
1066 1441 1195 1486 tacitae,
1214 1441 1299 1486 quia
1318 1445 1461 1487 poterat
1480 1441 1602 1477 dicere
1620 1441 1703 1476 Vir-

524 1502 651 1548 gilius:
680 1512 796 1547 quare
823 1512 912 1548 ergo
941 1505 980 1536 tu
1013 1501 1139 1536 stetisti
1173 1507 1246 1537 tani
1274 1501 1335 1536 diu
1363 1502 1576 1548 purgandus
1609 1502 1703 1538 inter

525 1564 682 1597 avaros?
711 1561 904 1607 respondet
931 1561 1076 1605 Statius,
1097 1561 1195 1606 quod
1217 1561 1290 1596 duo
1309 1561 1394 1596 vitia
1414 1566 1513 1597 recte
1539 1561 1703 1608 opposita

525 1621 728 1667 puniuntur
750 1622 849 1666 Juste
876 1621 911 1655 in
939 1620 1067 1656 eodem
1086 1616 1137 1665 ὃ),
1159 1624 1195 1655 et
1221 1621 1297 1666 pari
1326 1631 1444 1666 poena.
1472 1621 1564 1656 Dicit
1590 1632 1699 1668 ergo:

524 1692 542 1715 e
567 1683 669 1725 sappi
697 1682 755 1715 che
786 1683 820 1715 la
851 1682 952 1725 colpa
982 1682 1041 1715 che
1073 1680 1256 1723 rimbecca,
1284 1680 1386 1726 idest,
1412 1681 1631 1717 adversatur
1666 1685 1702 1718 et

525 1740 684 1776 occurrit
696 1735 729 1784 (³)
754 1750 774 1775 a
794 1740 905 1775 becco
924 1750 945 1775 a
962 1739 1085 1784 hecco,
1107 1740 1206 1774 alcun
1221 1743 1365 1783 peccalo
1381 1751 1446 1784 per
1465 1742 1572 1775 dritta
1591 1751 1701 1786 oppo-

524 1802 648 1844 sizion,
677 1800 797 1845 qualia
824 1803 905 1834 sunt
934 1799 1000 1834 ista
1032 1799 1117 1844 duo⁷
1144 1801 1202 1843 qm·
1231 1810 1328 1834 secca
1359 1811 1421 1834 suo
1456 1802 1571 1844 verde,
1598 1801 1699 1846 idest,

525 1860 591 1895 luit
617 1870 764 1905 poenam
792 1860 984 1905 aequalem,
1012 1870 1075 1894 con
1103 1870 1177 1893 esso
1196 1861 1346 1904 insieme,
1366 1860 1512 1906 scilicet,
1532 1871 1616 1897 cun]
1641 1861 1701 1897 illo

524 1923 673 1965 peccato
701 1920 767 1955 sibi
793 1920 988 1955 contrario.
1017 1919 1059 1954 Et
1086 1919 1143 1954 hic
1171 1923 1266 1965 nota,
1295 1920 1421 1966 lector,
1444 1921 1542 1966 quod
1568 1921 1700 1957 merito

524 1983 631 2025 poeta
659 1983 781 2015 noster
808 1980 867 2015 dat
895 1979 1062 2015 eamdem
1092 1989 1239 2025 poenam
1272 1980 1452 2015 ambobus
1486 1980 1560 2015 istis
1595 1980 1699 2026 vitiis,

526 2038 608 2073 licet
634 2049 779 2085 semper
806 2040 887 2085 plus
912 2039 1114 2074 detestetur
1136 2039 1341 2085 avaritiam,
1361 2039 1454 2074 sicut
1480 2043 1517 2075 et
1542 2040 1701 2086 philoso-

526 2098 616 2143 phus
649 2099 742 2143 facit,
771 2099 857 2144 quia
894 2100 929 2134 in
966 2099 1018 2135 rei
1055 2099 1208 2135 veritate
1239 2099 1471 2146 prodigalitas
1507 2103 1560 2135 est
1594 2100 1700 2136 nimis

523 2157 698 2193 damnosa
727 2159 835 2204 pestis
855 2162 890 2194 et
909 2158 1053 2193 inimica
1081 2159 1299 2204 reipublicae.
1320 2159 1497 2205 Prodigus
1518 2159 1615 2195 enim
1636 2160 1699 2205 qui

586 2250 612 2279 (¹)
630 2251 659 2273 E.
678 2252 786 2277 mortali.
805 2252 867 2275 idest
885 2252 1028 2280 hominum,
1046 2252 1114 2282 quia.
1263 2251 1289 2281 (ἲ)
1307 2253 1336 2276 E.
1355 2253 1379 2276 iu
1396 2252 1494 2276 eadem.

587 2289 611 2319 (⁸)
632 2289 659 2312 E.
677 2290 791 2314 occurrit
809 2297 822 2313 a
841 2290 937 2314 boccho
955 2290 1045 2319 altero,
1064 2291 1147 2314 alcun.
