1766 2856
474 274 543 306 468
869 277 1073 303 coMENTUM
1100 277 1266 302 PARADISl

472 353 568 389 enim
598 356 706 387 autor
728 351 763 385 in
788 353 910 386 mente
929 360 1015 385 sua:
1036 350 1130 385 bene
1149 349 1255 385 video
1274 349 1372 395 quod
1391 349 1489 385 Deus
1508 353 1654 386 creator

471 412 626 448 hominis
652 411 778 446 debuit
799 420 878 446 esse
901 410 1173 456 redemptorem
1199 409 1298 455 eius;
1321 409 1383 445 sed
1406 420 1523 455 quare
1539 409 1653 445 voluit

470 482 661 508 assumere
688 481 838 507 carnem
867 471 1068 506 humanam
1096 470 1140 506 de
1163 480 1237 506 una
1259 470 1409 506 foemina
1429 474 1464 506 et
1483 470 1554 516 pati
1574 480 1653 516 poe-

470 543 553 568 nam
583 542 772 577 amaram,
793 542 914 567 nonne
942 534 1084 578 poterat
1111 531 1295 567 dimittere
1323 531 1427 566 istam
1451 531 1597 577 culpam
1617 534 1653 566 et

469 593 655 628 hominem
684 602 858 639 reparare
885 592 961 627 sola
989 592 1179 627 voluntate
1213 594 1305 627 sua?
1339 595 1439 627 certe
1471 591 1531 627 sic.
1561 591 1652 627 Dicit

468 664 577 700 ergo:
608 657 641 688 lu
668 654 747 697 (lici,
775 653 876 697 idest,
905 652 1027 688 dicere
1055 655 1090 687 et
1118 656 1243 698 petere
1279 652 1350 687 vis:
1387 654 1457 687 Ben
1490 653 1651 687 discerno

467 710 519 749 οῖὸ
546 715 725 757 cle'i’oclo,
754 713 854 758 idest,
883 713 977 748 bene
1004 712 1276 758 comprehendo
1311 712 1484 758 quicquid
1520 716 1557 748 tu
1596 712 1651 748 di-

470 775 561 819 xisti,
589 774 733 819 scilicet,
754 773 851 818 quod
880 773 1044 809 Christus
1064 777 1183 809 morte
1203 783 1268 808 sua
1289 773 1443 809 redemit
1463 773 1648 809 hominem

467 835 680 870 damnatum
718 834 824 879 culpa
861 844 946 879 sua,
977 845 1034 868 ma
1072 832 1149 869 m'e‘
1181 836 1324 877 occulto,
1356 834 1458 879 idest,
1492 844 1557 880 per
1590 844 1650 869 me

466 906 537 930 non
561 895 697 940 judico,
723 892 849 939 perclze'
874 896 943 929 Dc'o
972 896 1098 930 volesse
1122 905 1192 939 pm·
1220 899 1336 939 queslo
1368 896 1483 939 modo,
1514 898 1550 930 et
1576 904 1649 930 non

465 955 591 1000 alium,
619 966 640 989 (ι
667 959 791 990 noslra
818 956 1038 991 reclenze'one.
1068 955 1121 991 Ad
1149 955 1217 991 hoc
1254 955 1448 1001 respondet
1474 954 1649 1002 Augusti—

466 1026 544 1060 nus,
578 1015 676 1061 quod
711 1015 803 1051 alius
838 1016 968 1051 modus
1003 1016 1069 1051 fuit
1100 1016 1276 1062 possibilis
1308 1016 1395 1061 Deo,
1428 1015 1491 1051 sed
1527 1015 1648 1050 nullus

465 1079 598 1111 nostrae
635 1072 842 1120 niiseriae(⁴)
877 1076 1058 1111 salvandae
1092 1076 1391 1112 convenientior:
1430 1086 1497 1112 nec
1525 1079 1648 1111 tamen

464 1137 640 1182 dicemus,
669 1137 794 1172 debuit
820 1137 891 1172 alio
919 1137 1028 1172 modo
1055 1137 1252 1172 redemisse
1280 1137 1473 1182 mundum,
1494 1137 1552 1172 vel
1574 1146 1646 1172 non

463 1197 599 1241 debuit,
620 1197 704 1242 quia
725 1207 796 1232 non
824 1207 869 1232 ex
897 1197 1031 1241 debito,
1054 1197 1116 1232 sed
1139 1208 1184 1233 ex
1208 1197 1283 1232 sola
1306 1197 1467 1232 bonitate
1495 1197 1579 1232 facit
1596 1192 1644 1240 (²).

462 1278 510 1283 —-
530 1260 662 1300 Qnesto.
692 1257 755 1293 Hic
782 1257 929 1293 Beatrix
952 1257 1108 1304 assignat
1129 1268 1279 1293 causam
1299 1257 1408 1292 huius
1430 1257 1645 1304 ignorantiae

463 1322 497 1354 et
526 1319 766 1363 difficultatis,
795 1322 831 1354 et
858 1318 903 1354 ad
931 1318 1040 1353 huius
1068 1318 1182 1354 literae
1209 1318 1361 1353 difficilis
1379 1313 1414 1362 (3)
1443 1317 1646 1364 intelligen—

463 1379 548 1415 tiam
578 1382 722 1425 oportet
750 1379 868 1425 primo
898 1382 1037 1423 notare,
1066 1378 1164 1424 quod
1192 1378 1314 1414 nullus
1342 1382 1396 1414 est
1423 1378 1644 1414 conveniens

462 1440 607 1475 auditor
635 1450 749 1475 sacrae
773 1439 943 1484 scientiae,
965 1439 1030 1474 nisi
1050 1439 1209 1483 humilis,
1230 1439 1402 1483 mundus,
1423 1438 1547 1483 fidelis,
1567 1441 1644 1473 stu-

461 1500 603 1545 diosus,
632 1499 712 1535 ideo
732 1499 800 1535 sub
820 1499 955 1535 cortice
976 1499 1090 1535 literae
1109 1503 1236 1545 aperte
1262 1499 1469 1535 occultatur
1492 1499 1642 1546 mystica

461 1564 496 1596 et
525 1560 704 1606 profunda
733 1559 966 1606 intelligentia
995 1560 1040 1595 ad
1068 1559 1383 1605 comprimendam
1410 1559 1641 1606 superbiam:

461 1621 625 1656 Christus
653 1620 749 1655 enim
778 1619 905 1655 doctor
933 1620 1042 1654 huius
1069 1619 1239 1664 scientiae,
1265 1619 1347 1655 licet
1375 1624 1470 1655 esset
1498 1619 1644 1654 humilis

461 1680 495 1715 in
524 1690 646 1724 carne,
674 1679 769 1714 altus
797 1683 920 1715 tamen
956 1683 1035 1715 erat
1070 1679 1105 1714 in
1136 1679 1342 1724 divinitate3
1375 1680 1456 1715 ideo
1489 1679 1640 1715 decebat

460 1740 579 1786 ipsum
609 1743 643 1775 et
671 1740 749 1775 eius
768 1739 970 1775 doctrinam
992 1739 1128 1775 babere
1148 1740 1390 1775 humilitatem
1415 1739 1450 1774 in
1469 1749 1641 1775 sermone

459 1811 545 1836 cum
574 1799 819 1846 profunditate
847 1799 1055 1844 seutentiae3
1076 1803 1109 1835 et
1130 1799 1214 1845 quia
1244 1799 1375 1835 missus
1402 1802 1482 1835 erat
1508 1799 1641 1834 docere

460 1871 608 1896 omnem
638 1859 843 1905 veritatem,
868 1859 948 1895 ideo
976 1860 1207 1906 competebat
1235 1860 1313 1896 elus
1340 1860 1526 1905 doctrinae,
1546 1859 1638 1894 utin

460 1931 535 1956 uno
555 1930 725 1956 sermone
742 1920 958 1966 multiplices
974 1921 1127 1955 laterent
1149 1920 1406 1966 intelligentiae.
1423 1919 1512 1955 Dicit
1531 1929 1638 1966 ergo:

464 1984 492 2017 Ο
507 1983 616 2027 frate,
638 1981 738 2026 idest,
759 1992 780 2015 o
801 1981 934 2016 Dantes
955 1981 1084 2016 dilecte
1113 1981 1173 2026 nii,
1193 1985 1309 2026 questo
1336 1982 1484 2025 decreto,
1506 1979 1640 2016 scilicet

460 2041 727 2087 incarnationis,
746 2045 799 2076 sta
818 2043 961 2085 sepulte,
982 2041 1083 2086 idest,
1107 2041 1329 2087 ignoratum,
1349 2042 1422 2084 agli
1442 2041 1548 2084 occln',
1570 2039 1639 2074 sci-

459 2102 539 2137 licet
559 2101 874 2146 intellectualibus,
895 2102 931 2136 (Ii
949 2103 1124 2146 ee'ascmzo,
1145 2101 1279 2137 scilicet
1299 2100 1457 2147 superbi,
1474 2101 1499 2134 tl
1515 2101 1569 2134 σαί
1586 2101 1639 2134 κή-

458 2173 570 2206 909720
590 2173 660 2196 mm
681 2160 699 2197 ρ’
716 2163 848 2206 adulto,
869 2162 969 2207 idest,
990 2162 1183 2207 nutritum,
1203 2163 1293 2197 nella
1310 2163 1455 2207 flamma
1475 2163 1508 2196 (Γ
1518 2171 1635 2205 amor,

458 2221 560 2267 idest,
579 2222 718 2257 ardenti
747 2233 875 2257 amore
903 2222 1071 2258 caritatis.
1093 2222 1183 2257 Nan]
1207 2222 1414 2257 divinarum
1435 2221 1636 2267 scriptura—

522 2353 547 2383 [Ὃ
566 2354 595 2377 Ε.
613 2356 706 2377 nostran
725 2354 815 2377 anima·
833 2355 968 2378 salvandae.
1098 2354 1124 2384 ff)
1142 2354 1171 2378 E.
1189 2354 1257 2378 fecit.
1386 2353 1411 2383 NJ
1430 2357 1451 2382 t,
1470 2354 1552 2378 sorus.
