1766 2856
507 222 575 254 166
869 227 1073 253 COMENTUM
1099 227 1317 253 PURGATORH

505 311 584 337 esse
611 301 697 336 illud
724 300 822 345 quod
845 299 971 335 festive
990 299 1079 335 dixit
1099 298 1246 345 quidam
1267 299 1302 334 in
1321 298 1677 334 commendationem

503 361 599 397 eius:
619 360 760 396 dicebat
779 359 876 395 enim
894 359 991 404 quod
1010 360 1156 405 quando
1174 359 1308 394 Dantes
1328 358 1445 404 primo
1464 359 1619 404 parabat
1639 368 1678 394 se

503 421 549 457 ad
573 420 803 456 condendum
824 423 898 456 tam
919 420 1038 456 nobile
1059 430 1202 466 poema,
1218 429 1347 455 omnes
1371 419 1531 465 rhythmi
1552 419 1678 455 mundi

504 484 760 527 presentarunt
778 491 817 516 se
831 480 1039 526 conspectui
1058 480 1136 516 eius
1156 484 1348 525 tamquam
1368 480 1600 526 pulcerrimae
1613 479 1676 515 do-

504 540 656 577 micellae
683 541 892 587 suppliciter
919 544 1090 588 rogantes
1117 540 1283 587 singulae,
1311 543 1351 575 ut
1373 540 1587 587 dignaretur
1613 540 1678 576 ad-

504 600 650 636 mittere
677 601 753 636 illas
780 600 933 636 libenter
952 601 987 635 in
1006 611 1117 647 opere
1144 604 1255 636 tanto.
1276 601 1320 635 At
1338 600 1396 636 ille
1415 600 1523 646 coepit
1545 609 1679 635 vocare

504 671 601 697 nunc
629 661 744 706 istam‚
774 671 871 696 nunc
898 661 1007 706 illam,
1031 664 1067 697 et
1095 671 1399 706 unamquamque
1421 660 1456 696 in
1476 660 1603 696 ordine
1621 670 1678 696 se-

503 721 666 757 cundum
686 721 906 767 exigentiam
928 721 1092 756 materiae
1113 721 1314 766 collocare3
1334 721 1493 766 tandem,
1522 720 1614 756 libro
1633 720 1678 755 ad

504 781 587 817 felix
607 781 917 826 complementum
935 780 1123 826 perducto,
1141 780 1239 816 nulla
1257 784 1484 816 remanserat
1500 776 1536 824 (¹¹)
1555 783 1677 815 extra:

503 841 571 876 sub
599 841 667 876 hoc
694 840 821 875 curiali
841 840 934 875 dicto
954 840 1080 876 volens
1099 839 1304 885 ostendere,
1325 840 1421 885 quod
1444 839 1589 875 videtur
1611 839 1680 874 im-

503 901 670 948 possibile
685 904 910 946 extorquere
922 896 956 944 (⁵²)
970 901 1183 947 rhythmum
1200 900 1368 936 Danti.—
1380 903 1438 935 Tu.
1454 901 1558 935 Nunc
1574 903 1679 946 poeta

503 960 696 997 confirmat
722 961 857 996 dictum
887 972 997 996 suum
1018 961 1194 997 extollens
1214 960 1465 996 excellentiam
1496 960 1598 996 istius
1615 960 1680 996 do-

504 1021 623 1066 minae,
655 1032 766 1066 quam
799 1021 973 1057 assimilat
1004 1022 1088 1057 Deae
1123 1021 1267 1056 habenti
1297 1021 1430 1056 multas
1464 1024 1499 1055 et
1528 1030 1679 1067 magnas

504 1081 656 1117 virtutes
684 1081 719 1116 in
747 1092 858 1127 opere
885 1091 963 1116 suo.
984 1082 1025 1116 Et
1043 1081 1088 1116 ad
1107 1081 1381 1128 intelligentiam
1402 1080 1503 1115 istius
1531 1090 1679 1126 compa-

506 1142 655 1177 rationis
683 1141 783 1177 fortis
810 1145 864 1177 est
891 1141 1008 1188 primo
1032 1141 1230 1186 sciendum,
1250 1141 1348 1187 quod
1367 1141 1487 1186 Ceres,
1509 1145 1548 1176 ut
1567 1140 1678 1186 aliqui

504 1202 740 1248 scripserunt,
769 1202 835 1237 fuit
862 1202 1106 1238 vetustissima
1125 1202 1324 1238 siculorum
1347 1201 1484 1248 regina,
1508 1212 1591 1247 quae
1610 1201 1678 1236 mi-

505 1262 607 1297 rabili
645 1261 789 1309 ingenio
823 1262 940 1308 prima
977 1262 1196 1308 excogitavit
1228 1262 1411 1297 culturam
1446 1265 1554 1297 terrae
1592 1271 1678 1296 cum

504 1322 621 1358 bobus
648 1322 792 1357 domitis
819 1326 855 1358 et
881 1325 1022 1368 aratro3
1051 1332 1134 1368 quae
1161 1322 1207 1357 ob
1235 1325 1310 1357 tam
1337 1321 1521 1368 singulare
1542 1331 1678 1356 munus

505 1382 641 1418 credita
668 1386 721 1417 est
749 1382 976 1427 immortalis,
1011 1385 1046 1418 et
1077 1381 1204 1417 divinis
1238 1381 1438 1417 honoribus
1471 1381 1677 1416 sublimata.

505 1442 588 1477 Haec
615 1445 740 1477 autem
767 1442 876 1478 Ceres
895 1442 1026 1477 dicitur
1046 1441 1215 1477 habuisse
1236 1441 1379 1476 unicam
1401 1440 1510 1476 filiam
1530 1441 1681 1476 Proser-

505 1502 640 1548 pinam,
669 1512 780 1547 quam
809 1513 829 1537 a
858 1502 1011 1537 Plutone
1035 1505 1175 1547 raptam
1198 1505 1316 1537 mater
1343 1501 1403 1537 diu
1432 1500 1599 1546 quaesivit
1620 1510 1681 1536 ac-

505 1562 621 1598 censis
653 1562 811 1606 facibus3
843 1565 879 1597 et
915 1565 993 1607 post
1025 1561 1152 1608 longos
1186 1562 1330 1597 labores
1361 1562 1458 1597 illam
1496 1565 1679 1607 repertam

507 1622 738 1667 recuperavit
765 1632 849 1657 cum
879 1625 983 1668 pacto
1014 1622 1112 1667 quod
1145 1632 1208 1657 sex
1244 1621 1429 1657 mensibus
1462 1625 1555 1657 esset
1582 1620 1679 1667 apud

505 1692 668 1727 θυρῶνος,
697 1686 732 1717 et
760 1682 907 1717 totidem
936 1681 1031 1727 apud
1060 1681 1209 1717 inferos:
1242 1681 1378 1717 invenit
1409 1685 1533 1717 autem
1564 1681 1676 1727 ipsam

505 1741 540 1777 in
565 1741 680 1777 Sicilia
704 1742 809 1787 juxta
839 1745 999 1777 montem
1021 1741 1178 1776 AEtnam.
1200 1742 1299 1777 Ilanc
1327 1752 1405 1776 rem
1425 1741 1573 1776 Ovidius
1597 1751 1680 1777 ver-

506 1802 638 1837 borum
675 1802 847 1849 prodigus
881 1802 1038 1837 multum
1077 1802 1148 1837 late
1184 1801 1352 1837 describit
1390 1801 1425 1837 in
1460 1801 1608 1846 Maiori;
1645 1805 1680 1838 et

505 1862 726 1897 Claudianus
753 1862 913 1908 placidus
941 1865 1045 1908 poeta
1073 1862 1117 1897 de
1144 1863 1212 1898 hoc
1236 1862 1318 1897 facit
1341 1865 1537 1898 tractatum
1559 1862 1594 1897 in
1613 1872 1680 1897 suo

506 1922 643 1967 Minori,
673 1932 782 1967 quem
819 1933 890 1957 non
926 1922 1121 1968 complevit
1136 1917 1186 1966 6³).
1220 1922 1335 1957 Huius
1368 1922 1520 1957 fictionis
1547 1922 1677 1968 duplex

505 1982 679 2029 allegoria
708 1982 909 2018 invenitur:
939 1993 1023 2026 una,
1052 1993 1163 2028 quam
1193 1982 1371 2018 subtiliter
1398 1982 1589 2028 investigat
1609 1983 1682 2017 Ma-

506 2042 662 2077 crobius.
692 2042 822 2077 Scribit
849 2043 945 2078 enim
973 2043 1146 2078 Cererem
1168 2053 1239 2077 non
1262 2052 1341 2077 esse
1359 2041 1456 2076 aliud
1476 2052 1588 2087 quam
1609 2045 1686 2077 ter—

508 2112 607 2147 ram3
637 2102 731 2137 unde
759 2102 808 2138 sic
836 2103 929 2138 dicta
956 2107 1009 2138 est
1036 2103 1138 2148 quasi
1166 2113 1291 2137 creans
1321 2113 1402 2137 res:
1435 2112 1500 2147 per
1533 2102 1684 2138 Proser-

507 2161 627 2208 pinam
662 2172 749 2197 vero
784 2163 897 2197 voluit
933 2163 1125 2209 significari
1160 2163 1297 2208 lunam,
1335 2173 1418 2208 quae
1454 2162 1585 2197 (licitur
1619 2161 1681 2207 sic,

571 2291 597 2319 (¹)
615 2290 644 2314 E.
663 2291 793 2314 remansit.
921 2290 946 2320 (²)
966 2293 1016 2319 117,
1035 2297 1108 2321 posse
1125 2294 1287 2322 extorquere.
1415 2291 1440 2321 (⁸1
1460 2294 1511 2319 ¹17,
1531 2291 1647 2321 perfecit.
