1766 2856
495 262 564 294 398
888 264 1091 290 COMENTUM
1118 264 1283 289 PARADISI

497 352 556 376 ver
569 351 639 376 non
654 342 687 374 lo
700 340 849 381 illustra,
873 337 974 381 idest,
994 336 1187 381 illuminat,
1202 337 1239 371 (Ii
1253 337 1337 380 faor
1357 336 1419 370 dal
1435 337 1549 380 quale,
1568 335 1668 380 idest,

494 410 640 436 summo
669 409 768 442 vero,
796 407 921 432 messan
951 408 1033 432 vero
1060 398 1091 432 si
1115 398 1250 441 spazz'a.
1276 396 1373 431 Deus
1401 396 1498 431 enim
1520 399 1572 431 est
1593 395 1671 430 finis

494 460 658 495 omnium
676 458 844 502 aliorum,
862 461 897 492 et
918 457 1005 492 nihil
1020 460 1073 493 est
1092 456 1230 492 bonum
1246 456 1311 491 nisi
1332 466 1396 501 per
1410 466 1560 490 causam
1580 455 1671 491 fina—

495 520 577 554 lem.
607 519 690 554 Ideo
717 517 853 553 subdit:
878 518 1001 562 posasi
1027 519 1061 551 in
1089 527 1177 561 esso,
1208 517 1283 562 ipse
1317 516 1520 551 intellectus
1548 519 1671 551 noster

495 580 529 614 in
556 579 633 625 ipso
661 589 749 614 vero
777 578 907 624 primo,
935 588 1030 612 come
1054 579 1133 623 sera
1161 579 1195 611 in
1226 578 1357 621 [πεῖν-ῳ·
1385 579 1419 612 et
1451 579 1504 612 est
1535 576 1672 622 optima

497 640 729 685 metaphora:
758 638 850 674 sicut
877 638 974 674 enim
1003 637 1079 673 fera
1102 637 1164 672 diu
1187 640 1343 683 vagatur
1371 640 1406 671 et
1432 639 1588 672 venatur
1607 646 1672 682 per

495 701 646 747 sylvam,
676 703 710 735 et
737 702 817 745 post
843 709 971 734 omnes
1004 698 1147 733 labores
1176 697 1371 742 requiescit
1404 696 1439 731 in
1470 700 1595 741 antro;
1623 696 1672 731 ita

496 761 699 796 intellectus
727 760 761 794 in
790 759 927 794 mundo
954 759 1015 793 diu
1036 758 1247 804 speculatur
1274 760 1309 793 et
1337 757 1618 803 contemplatur,
1637 759 1673 792 et

497 830 699 865 numquam
729 818 880 864 quiescit
909 818 974 853 nisi
1002 818 1037 853 in
1066 818 1142 863 ipso
1165 817 1236 853 fine
1259 828 1344 862 suo,
1364 817 1444 852 ideo
1464 817 1567 852 dicit:
1587 820 1674 851 tosto

496 882 553 915 clze
567 881 685 923 yimzto
700 880 788 922 l'lza,
804 878 906 923 idest,
923 878 1044 913 statim
1061 888 1146 913 cum
1168 877 1450 924 apprehenderit
1468 877 1586 922 ipsum
1610 886 1674 912 ve-

498 950 591 975 rum.
621 939 663 973 Et
690 938 804 973 addit:
825 949 842 972 e
864 940 1012 982 yiemyer
1028 940 1169 983 pnoll05
1198 938 1291 974 bene
1312 937 1407 982 dicit,
1433 948 1514 972 nam
1539 937 1675 982 impos-

495 1000 596 1035 sibile
623 1002 677 1035 est
705 998 904 1045 procedere
930 999 966 1033 in
994 999 1174 1034 infinitum
1204 999 1239 1034 in
1272 999 1392 1034 causis
1424 998 1603 1043 finalibus,
1631 1007 1675 1033 eo

496 1060 593 1106 quod
620 1059 840 1095 desiderium
870 1060 1076 1094 humanum
1109 1062 1203 1095 esset
1237 1069 1396 1094 vacuum
1426 1062 1462 1094 et
1489 1059 1606 1103 inane,
1634 1061 1676 1093 ut

497 1124 593 1166 patet
621 1119 781 1156 secundo
810 1119 1084 1165 metaphysicae,
1111 1131 1147 1154 se
1173 1130 1242 1154 non
1271 1121 1408 1154 ciascun
1428 1121 1516 1154 disto
1533 1119 1677 1154 sarebbe

495 1183 656 1226 fruslra5
683 1190 768 1216 cum
797 1183 920 1215 tamen
948 1180 1165 1215 naturaliter
1184 1190 1312 1215 omnes
1337 1179 1543 1215 desiderent
1569 1178 1674 1214 scire.

497 1243 682 1275 —Nasce.
711 1240 773 1275 Hic
800 1244 909 1275 autor
936 1240 1091 1276 ostendit
1118 1240 1304 1285 quomodo
1337 1240 1381 1275 de
1411 1243 1542 1275 natura
1570 1239 1676 1274 intel-

500 1302 613 1336 lectus
640 1304 691 1335 est
720 1300 907 1345 inquirere
935 1303 969 1335 et
1003 1300 1223 1346 investigare
1258 1300 1429 1335 ultimum
1464 1299 1586 1344 finem,
1613 1299 1676 1344 qui

498 1364 551 1396 est
580 1361 726 1395 felicitas
754 1359 984 1406 procedendo
1003 1360 1047 1395 de
1067 1370 1140 1395 una
1161 1360 1314 1395 veritate
1333 1359 1477 1406 cognita
1501 1359 1547 1394 ad
1566 1359 1675 1395 aliam

498 1420 801 1467 cognoscendam.
822 1420 912 1455 Dicit
933 1431 1039 1467 ergo:
1064 1422 1097 1455 Il
1113 1421 1236 1455 stubbio
1256 1431 1359 1455 nasce
1376 1431 1443 1465 per
1461 1422 1585 1466 quello,
1608 1419 1678 1456 sei—

499 1480 590 1525 licet,
619 1481 854 1525 intellectum,
883 1479 986 1525 appie‘
1001 1481 1058 1515 a'el
1083 1491 1178 1524 vero,
1208 1480 1311 1525 quasi
1342 1480 1449 1525 dicat,
1477 1480 1575 1525 quod
1605 1490 1678 1515 una

497 1540 722 1575 dubitatione
750 1540 889 1575 succisa
918 1540 951 1574 in
981 1540 1166 1575 intellectu
1196 1540 1400 1576 renascitur
1427 1540 1507 1585 alia,
1531 1551 1554 1574 a
1578 1541 1679 1583 yuisa

498 1602 533 1635 di
558 1602 746 1645 rampoHo,
775 1600 876 1644 idest,
897 1600 1051 1645 pullonis
1074 1600 1150 1635 sive
1170 1600 1311 1645 plant-ce,
1333 1611 1415 1645 qua}
1435 1601 1479 1636 de
1499 1610 1594 1636 novo
1614 1610 1679 1635 na-

499 1660 611 1695 scitur
634 1660 849 1696 naturaliter
868 1660 1002 1695 arbore
1021 1660 1180 1704 succisa,
1200 1664 1230 1694 ec
1248 1659 1267 1695 e*
1283 1664 1413 1695 natura
1432 1662 1482 1695 cle’
1493 1663 1531 1695 al
1545 1671 1679 1695 sommo

498 1721 602 1764 pinge
629 1721 700 1762 noi,
724 1719 824 1764 idest,
844 1720 889 1754 ad
909 1730 1093 1754 summam
1115 1719 1307 1755 veritatem
1328 1724 1363 1755 et
1382 1720 1588 1755 felicitatem
1610 1720 1679 1755 im-

502 1780 599 1825 pellit
627 1790 702 1825 nos‚
730 1781 766 1814 (Ιὶ
792 1782 879 1814 collo
906 1782 941 1814 in
968 1781 1069 1823 collo,
1098 1780 1198 1825 idest,
1227 1780 1272 1816 de
1301 1780 1418 1827 gradu
1447 1781 1481 1815 in
1509 1781 1678 1827 gradum.

502 1840 543 1874 Et
571 1840 626 1875 bic
655 1843 737 1875 nota
766 1840 863 1885 quod
892 1844 1023 1875 natura
1050 1840 1111 1875 dat
1138 1840 1283 1875 entibus
1310 1851 1375 1886 per
1403 1841 1499 1886 quod
1529 1845 1679 1887 possunt

501 1900 681 1946 attingere
699 1910 784 1935 suos
804 1900 904 1945 fines,
923 1900 1028 1935 aliter
1047 1904 1266 1946 operaretur
1286 1901 1431 1936 frustra.
1452 1901 1548 1947 Ergo
1568 1903 1679 1938 homo

503 1963 617 2005 potest
644 1960 815 2006 consequi
838 1960 945 1996 finem
966 1971 1088 2006 suum,
1109 1961 1170 2006 qui
1194 1965 1248 1996 est
1271 1961 1418 1996 felicitas
1439 1972 1503 2007 per
1526 1962 1680 1998 virtutes

502 2020 686 2065 operando
714 2024 749 2055 et
780 2020 993 2066 sapientiam
1028 2021 1272 2066 speculando:
1302 2021 1411 2056 liomo
1442 2021 1539 2056 enim
1573 2024 1679 2057 natus

502 2083 555 2114 cst
583 2083 619 2114 ut
646 2080 707 2115 fiat
729 2081 834 2126 felix;
857 2081 1032 2126 sapientia
1052 2091 1142 2127 ergo
1161 2081 1330 2126 supponit
1350 2081 1502 2116 virtutes
1522 2081 1679 2117 morales

502 2143 537 2173 et
564 2139 838 2185 intellectuales,
866 2141 959 2176 sicut
992 2141 1071 2176 finis
1103 2141 1213 2176 inea
1246 2151 1329 2186 quae
1357 2145 1440 2176 sunt
1474 2141 1518 2177 ad
1550 2142 1678 2188 finem3

504 2198 582 2233 ideo
609 2199 740 2233 dicitur
764 2204 948 2245 postrema
969 2201 1026 2236 via
1046 2201 1231 2236 doctrinae.
1248 2222 1295 2226 —
1314 2204 1446 2244 (mesto.
1469 2202 1531 2237 llic
1551 2202 1679 2238 ultimo

504 2258 634 2293 Dantes
670 2268 714 2293 ex
753 2261 948 2304 praemissis
982 2261 1076 2296 elicit
1110 2261 1347 2297 intentionem
1380 2272 1498 2307 snam,
1535 2261 1678 2298 dicens:

506 2321 640 2363 Ques-lo,
680 2319 829 2365 scilicet,
868 2322 1034 2356 naturale
1068 2321 1303 2367 desiderium,
1341 2324 1524 2367 m'invila,
1563 2325 1679 2367 questo
