1737 2836
506 257 644 282 (ζμ-Τις
671 257 832 283 TERTlcs.
1188 252 1257 284 365

82 329 298 365 videbantur
326 329 415 365 radii
442 329 536 374 solis,
565 333 601 365 et
634 330 808 365 ruborem
843 329 943 365 faciei
976 330 1131 365 mixtum
1170 341 1256 366 cum

81 388 259 434 candore3
288 392 323 424 et
350 389 522 434 breviter,
546 389 689 436 singula
713 390 878 425 membra
901 391 1026 435 pulcra
1050 391 1150 426 velut
1174 402 1257 426 mu-

80 448 146 484 lier
173 449 208 483 in
235 449 392 494 speculo.
420 449 557 484 Deinde
583 449 732 484 abiectis
767 450 927 485 vestibus
962 450 1081 485 nudus
1108 450 1257 486 intravit

79 519 227 554 aquam,
256 510 381 544 volens
408 509 610 555 amplexari
637 512 673 544 et
699 509 856 544 osculari
877 510 1069 546 umbram:
1089 511 1152 546 sed
1171 511 1258 547 bra-

80 569 159 604 chia
180 569 275 604 nuda
304 569 501 605 reducebat
527 569 572 604 ad
600 572 745 615 pectus;
771 573 806 604 et
833 569 883 604 sic
910 580 1004 615 saepe
1030 571 1165 606 faciens
1184 574 1257 606 sta-

79 629 141 664 bat
167 629 294 664 illusus
320 629 397 665 sine
423 629 514 674 cibo,
543 633 630 675 potu
659 632 694 665 et
720 640 861 674 somno,
887 640 953 665 nec
972 630 1174 665 satiabatur
1202 631 1257 665 vi-

78 689 166 724 dere
193 699 298 724 suam
332 689 497 724 fallacem
529 689 699 734 sormam,
726 693 761 725 et
795 689 1093 734 conquerebatur
1128 700 1253 725 secum

80 748 177 793 quod
198 758 264 784 nec
284 748 411 793 maria,
432 759 499 784 nec
519 752 672 793 montes,
693 759 760 784 nec
784 749 880 783 muri
900 749 1031 784 clausis
1050 750 1173 795 portiS,
1193 750 1254 786 sed

79 819 191 855 parva
219 820 315 854 aqua
334 805 381 852 ζ’).
406 808 564 844 Tandem
593 809 782 844 Narcissus
797 805 833 853 β)
861 809 969 855 coepit
997 810 1127 845 resolvi
1156 810 1257 845 velut

79 878 163 904 cera
190 868 236 904 ad
263 868 385 915 ignem
411 873 445 904 et
472 868 604 904 bruma
631 868 676 904 ad
703 869 838 913 solem;
867 872 903 904 et
926 879 1126 904 conversus
1146 870 1257 905 estin

79 928 206 964 florem
235 928 290 963 sui
323 928 490 972 nominis,
518 928 579 973 qui
612 932 666 963 est
691 929 796 963 albus
825 929 960 964 rubens
991 929 1025 963 in
1057 929 1188 973 medio,
1218 933 1258 964 ut

77 988 161 1024 dicit
179 989 325 1023 Ovidius
344 989 387 1023 ΙΙΙ
404 988 556 1024 Maioris.
578 989 653 1024 Hoc
672 989 760 1033 viso,
781 989 970 1024 videamus
990 989 1150 1025 breviter
1171 990 1257 1035 quid

78 1048 142 1083 sibi
170 1049 249 1083 vult
275 1049 340 1084 ista
362 1048 523 1095 jocunda
550 1049 683 1093 fabula,
704 1053 740 1084 et
767 1049 847 1094 quis
873 1053 927 1084 est
955 1049 1021 1085 iste
1044 1050 1255 1085 Narcissus:

78 1112 178 1144 certe
205 1112 259 1144 est
280 1109 427 1154 juvenis
449 1119 575 1153 vanus,
595 1119 711 1155 vagus
729 1104 778 1153 fl,
798 1108 859 1154 qui
880 1119 983 1144 more
1008 1110 1158 1155 pavonis
1177 1110 1256 1156 glo—

80 1168 196 1204 riatur
222 1171 258 1204 et
284 1168 486 1204 delectatur
509 1168 662 1203 mirabili
687 1168 804 1203 sorma
827 1179 892 1204 sua
913 1172 947 1204 et
975 1169 1040 1204 sibi
1062 1170 1198 1215 placet3
1218 1174 1255 1206 et

77 1228 128 1264 sic
155 1231 282 1274 captus
301 1239 429 1264 amore
449 1229 505 1263 sui
525 1228 639 1264 credit
658 1228 781 1263 videre
804 1228 839 1263 in
858 1238 896 1264 se
919 1238 997 1264 rem
1026 1238 1152 1264 veram
1183 1240 1255 1264 non

81 1288 262 1333 umbram,
291 1299 376 1324 cum
405 1292 527 1324 tamen
555 1288 674 1334 potius
696 1298 716 1323 e
739 1292 865 1324 contra
888 1288 1094 1334 pulcritudo
1122 1299 1254 1335 corpo-

79 1348 127 1384 ris
154 1348 198 1383 sit
225 1348 356 1383 umbra
385 1358 467 1393 quae
490 1348 650 1383 vanescit
669 1348 762 1383 inter
784 1348 910 1383 oculos
929 1348 1093 1394 ipsorum
1116 1349 1254 1384 miran-

78 1408 168 1444 tium
197 1412 232 1444 et
259 1408 506 1444 laudantium:
536 1408 615 1443 ideo
643 1408 736 1443 bene
768 1408 923 1443 vertitur
957 1409 992 1443 in
1023 1409 1162 1454 florem,
1192 1409 1254 1454 qui

78 1469 149 1504 cito
176 1468 368 1503 marcescit
386 1467 431 1503 ad
455 1467 634 1503 modicam
663 1467 876 1503 febriculam
897 1472 932 1503 et
952 1478 1103 1513 parvam
1124 1469 1256 1504 adver-

78 1529 241 1571 sitatem3
270 1531 305 1563 et
332 1528 359 1562 si
388 1528 480 1563 forte
507 1527 615 1563 duret
641 1527 864 1572 aliquandiu,
893 1532 1062 1563 senectus
1089 1529 1153 1563 sibi
1183 1539 1255 1564 non

79 1589 202 1635 parcit.
232 1588 332 1624 Sicut
358 1598 447 1634 ergo
475 1588 522 1622 nil
549 1588 700 1633 gratius‚
729 1587 776 1623 ita
806 1587 853 1622 nil
880 1588 1029 1623 brevius
1056 1588 1184 1623 forma.
1213 1589 1256 1623 Et

77 1653 177 1686 certe
203 1649 321 1685 omnis
349 1652 446 1684 terra
467 1648 575 1683 babet
595 1658 680 1683 suos
699 1648 894 1693 Narcsssos,
916 1658 982 1683 nec.
1001 1651 1055 1684 est
1072 1648 1133 1683 diu
1157 1648 1255 1693 quod

77 1709 149 1745 vidi
177 1719 292 1744 unum
323 1712 420 1744 recte
447 1709 569 1753 talem,
598 1708 660 1753 qui
688 1708 814 1743 florem
843 1718 920 1743 suae
952 1708 1079 1743 formae
1110 1708 1256 1743 stultius

79 1772 115 1804 et
141 1769 316 1804 infelicius
344 1767 495 1813 perdidit
529 1778 639 1812 quam
674 1767 874 1813 Narcissus,
902 1768 1034 1803 acerba
1068 1771 1104 1804 et
1130 1768 1254 1803 infami

80 1832 209 1863 morte.
238 1829 341 1863 Nunc
368 1827 413 1862 ad
441 1827 583 1863 literam
611 1827 695 1863 dicit
720 1830 845 1863 autor:
875 1829 1038 1862 Perclz'io
1056 1830 1148 1863 corsi
1169 1830 1255 1863 clen-

79 1893 134 1923 tro
161 1888 219 1923 all’
233 1898 337 1922 error
364 1888 544 1921 contrario
575 1897 597 1921 a
628 1889 716 1932 quel,
748 1887 893 1932 scilicet,
922 1887 1052 1931 errori⁷
1079 1889 1256 1922 cle’aceese

80 1959 182 1983 amor
208 1952 264 1983 tra
291 1948 312 1982 ζ’
328 1957 443 1989 nomo,
470 1946 615 1991 scilicet,
640 1946 868 1990 Narcissun13
888 1950 941 1981 est
963 1950 1086 1981 autem
1110 1946 1255 1981 Narcis-

80 2019 142 2044 sus
161 2008 224 2043 ssos
244 2007 380 2053 pulcer,
399 2006 461 2051 qui
481 2006 591 2041 latine
610 2009 763 2041 vocatur
782 2005 896 2040 lilium
917 2005 1059 2050 album3
1079 2016 1096 2039 e
1109 2007 1134 2040 'l
1147 2008 1255 2050 sonte,

81 2078 191 2113 quem
220 2067 363 2102 vocavit
389 2066 471 2101 alibi
500 2065 689 2111 speculum
712 2064 879 2100 Narcissi.
896 2085 944 2089 —
959 2065 1085 2099 Subito.
1106 2065 1169 2100 Hic
1189 2076 1256 2100 au-

144 2166 171 2196 (¹)
188 2168 198 2190 1
217 2170 256 2190 tre
273 2167 358 2191 Codici
380 2167 489 2197 leggono
512 2166 571 2189 tuui
594 2172 667 2189 come
688 2165 711 2188 la
732 2167 836 2195 stampa.
857 2165 883 2188 L'
898 2165 1003 2188 Esiense
1025 2165 1057 2187 ha
1081 2165 1105 2188 in
1126 2165 1255 2195 margine:

81 2205 154 2229 «Per
172 2205 314 2228 dichiarare
331 2207 421 2234 questo
439 2210 512 2227 senso
530 2210 632 2233 sospeso
650 2204 668 2226 si
686 2210 745 2226 reca
763 2203 806 2233 qni
825 2203 842 2226 il
861 2203 938 2233 luogo
951 2203 975 2226 di
986 2202 1075 2226 Ovidio
1088 2210 1100 2226 a
1114 2203 1155 2226 cui
1174 2203 1191 2226 il
1208 2210 1256 2226 no-

79 2246 133 2267 stro
153 2245 244 2266 autore
261 2249 385 2266 accenna:
458 2249 501 2265 nec
519 2249 562 2265 nos
579 2249 650 2265 'mare
666 2244 768 2271 separat
785 2242 880 2272 inacus,
895 2242 943 2265 Nec
960 2242 1011 2268 via,
1030 2248 1074 2264 nec
1093 2244 1193 2270 montes,
1213 2249 1257 2265 nec

80 2281 171 2304 clausis
189 2280 281 2303 moenia
297 2281 383 2310 portis.
403 2281 507 2310 Eziqua
523 2279 685 2309 prohibemur
702 2286 777 2310 aqna.
788 2288 799 2301 n

143 2318 169 2348 (³)
187 2319 216 2342 E.
234 2318 366 2342 Narcissus
383 2319 435 2349 ipse
453 2319 529 2348 coepit
547 2318 610 2342 solvi
629 2317 706 2341 velut.
835 2317 860 2346 (⁸)
879 2317 907 2341 E.
925 2320 950 2341 et
968 2324 1055 2348 vagus.
