1766 2856
480 210 549 240 490
875 212 1080 238 COMENTUM
1108 212 1272 237 PARADlsl

479 290 528 322 La
555 297 702 330 corona,
734 285 858 331 regale
884 284 1064 329 diadema,
1083 285 1253 329 fulgseame?
1277 278 1338 327 9ίὰ
1365 285 1401 318 in
1425 286 1554 329 fronte,
1577 283 1659 318 licet

478 348 625 393 quidam
653 344 874 381 Andreasius
901 343 946 380 de
973 344 1086 390 stirpe
1112 343 1311 391 Hungariae
1335 344 1571 390 occupaverit
1599 353 1658 379 re—

477 418 602 454 gnum,
631 408 667 441 de?
694 406 805 449 quella
833 408 944 448 terra,
964 404 1111 449 scilicet,
1131 404 1339 450 Hungariae,
1362 405 1420 440 che
1445 405 1471 439 il
1497 404 1660 439 Danubio

477 469 570 511 rtya,
606 467 667 512 qui
703 466 774 501 alio
814 465 963 500 nomine
996 465 1128 500 dicitur
1167 465 1267 509 Ister,
1302 466 1397 508 γέρα,
1438 464 1540 509 idest,
1582 464 1659 499 bal—

478 531 572 572 neat,
595 528 658 571 poi
683 527 742 560 elle
770 527 799 560 le
825 527 901 569 ripe
927 526 1090 570 tedescho,
1114 524 1339 560 Alamanniae
1363 524 1573 570 superioris,
1596 524 1659 558 ab·

477 589 712 623 hamlotza.—-
728 590 757 621 E
774 588 808 621 la
827 587 924 620 bella.
946 585 1009 621 llic
1029 585 1214 621 Martellus
1235 585 1407 620 describit
1429 589 1606 630 quartum
1621 581 1657 629 ζ’)

479 659 647 695 regnum,
665 647 761 693 quod
785 647 849 682 sibi
878 646 923 681 de
945 647 1031 692 Jure
1059 646 1264 681 debebatur
1283 649 1319 681 et
1342 645 1549 681 haeredibus
1572 645 1658 690 suis,

477 709 542 744 nisi
571 712 738 754 ereptum
768 708 892 742 fuisset
919 707 963 742 de
991 707 1088 742 furto
1106 702 1140 751 (ἢ
1163 707 1293 742 Carolo
1312 706 1325 740 1
1344 716 1413 741 avo
1436 716 1514 741 suo.
1536 706 1578 741 Et
1596 706 1659 741 de—

476 770 599 806 scribit
617 769 811 805 artificiose
827 768 983 803 insulam
1000 767 1129 803 Siciliae
1144 778 1165 803 a
1182 767 1337 802 mirabili
1353 767 1505 812 antiquo
1522 770 1658 812 monte‚

476 834 512 866 et
548 830 701 864 mirabili
718 825 753 872 (³³)
790 828 988 864 rebellione
1025 839 1130 863 nova.
1168 828 1219 863 Ad
1256 828 1416 873 primum
1452 830 1504 863 est
1541 827 1659 874 primo

474 890 673 933 sciendum,
703 889 800 934 qnod
828 889 935 924 ⁴Etna
966 899 1070 924 mons
1102 889 1137 923 in
1173 888 1293 924 medio
1325 888 1454 924 Siciliae
1481 891 1536 923 est
1563 887 1660 923 cele-

475 951 659 986 berrimus
687 950 783 985 fama
811 950 845 984 in
876 953 950 985 toto
978 949 1085 994 orbe3
1107 949 1169 999 qui
1192 949 1278 984 olim
1299 958 1444 994 semper
1463 948 1596 984 ardens
1614 947 1659 983 de

474 1011 546 1046 alto
574 1011 769 1046 cacumine
805 1021 872 1045 suo
909 1010 1100 1045 emittebat
1132 1009 1259 1056 globos
1292 1010 1418 1056 igneos
1450 1020 1547 1045 nunc
1578 1010 1659 1055 plus

476 1082 572 1107 nunc
601 1071 732 1106 minus.
766 1072 841 1106 Hoc
874 1075 999 1106 autem
1028 1074 1108 1106 erat
1139 1081 1183 1105 ex
1217 1071 1370 1106 materia
1407 1070 1592 1116 sulphuris
1624 1070 1659 1105 in

477 1132 677 1167 visceribus
704 1132 796 1176 eins,
827 1135 866 1166 ut
893 1131 1015 1166 scribit
1043 1131 1192 1166 Ovidius
1224 1131 1259 1165 in
1287 1131 1349 1165 XV
1381 1130 1536 1175 Maioris,
1564 1133 1600 1165 et
1621 1123 1656 1173 (4)

476 1192 667 1227 videbatur
691 1192 738 1227 ibi
768 1192 1000 1237 prophetare,
1034 1191 1119 1236 quia
1147 1191 1231 1226 dicit
1259 1191 1357 1236 quod
1387 1190 1507 1226 veniet
1538 1190 1658 1225 adhuc

476 1257 620 1298 tempus
648 1263 722 1298 quo
750 1252 858 1288 *Etna
887 1262 958 1287 non
986 1251 1128 1287 ardebit
1155 1254 1372 1297 consumpta
1401 1251 1556 1286 materia
1584 1251 1659 1285 sul-

476 1313 612 1358 phuris.
635 1313 734 1349 Unde
753 1313 892 1348 Seneca
912 1312 1035 1348 scribit
1054 1312 1191 1347 Lucilio
1211 1311 1309 1357 quod
1329 1311 1407 1346 vult
1430 1311 1524 1346 scire
1546 1311 1592 1346 ab
1611 1321 1656 1346 eo

473 1372 518 1408 de
545 1373 690 1408 duobus
719 1373 948 1408 mirabilibus
968 1372 1107 1417 Siciliae,
1124 1372 1259 1408 scilicet
1280 1371 1460 1418 Charybdi
1481 1374 1517 1407 et·
1535 1371 1654 1416 AEtna,

474 1444 585 1478 qnam
614 1433 698 1469 dicit
724 1433 891 1469 consumi
920 1437 956 1469 et
983 1433 1141 1469 deficere
1168 1443 1213 1468 ex
1242 1433 1309 1468 hoc
1338 1432 1436 1478 quod
1463 1431 1659 1477 aliquando

475 1493 731 1540 navigantibus
759 1494 996 1541 longinquius
1015 1494 1155 1530 solebat
1174 1493 1333 1538 ostendi3
1354 1496 1390 1529 et
1409 1493 1459 1528 sic
1478 1503 1544 1538 per
1564 1495 1658 1528 tem—

475 1564 562 1599 pora
582 1555 769 1600 paullatim
793 1555 960 1599 cessavit,
990 1555 1037 1590 ita
1065 1554 1164 1600 quod
1192 1554 1298 1589 hodie
1319 1564 1391 1589 non
1413 1556 1565 1599 apparet
1592 1553 1657 1588 nisi

473 1614 668 1659 aliquando
696 1615 839 1660 snmusg
863 1619 899 1651 et
918 1619 972 1651 est
994 1615 1160 1650 mirabile
1183 1614 1282 1659 quod
1304 1615 1400 1650 circa
1421 1614 1561 1650 radices
1581 1614 1659 1650 eius

475 1684 579 1709 mons
598 1679 651 1710 est
670 1675 942 1711 amoenissimus
962 1675 1122 1720 floribus,
1143 1675 1313 1719 fontibus,
1330 1675 1519 1710 viridariis.
1537 1675 1658 1710 Poetae

473 1737 599 1769 antem
634 1736 747 1770 multa
776 1736 988 1771 fabulantur
1016 1735 1060 1770 de
1097 1736 1165 1770 hoc
1201 1738 1349 1770 monte:
1383 1734 1526 1781 fingunt
1560 1735 1656 1770 enim

473 1794 571 1839 quod
600 1795 786 1831 Vulcanus
822 1796 913 1832 deus
942 1796 1033 1842 ignis
1060 1795 1107 1830 ibi
1137 1795 1288 1830 fabricat
1322 1795 1473 1830 fulmina
1501 1795 1592 1840 Jovi7
1620 1800 1656 1831 et

473 1854 570 1899 quod
586 1855 772 1901 Typhoens
790 1857 893 1903 gigas
914 1856 1127 1891 fulminatus
1147 1856 1356 1901 suppositus
1375 1859 1428 1891 est
1449 1856 1574 1902 monti,
1595 1857 1657 1902 qni

473 1915 610 1950 evomit
639 1919 780 1951 tantum
810 1917 1030 1952 incendium.
1061 1916 1130 1952 Per
1158 1917 1226 1952 hoc
1253 1917 1387 1953 Dantes
1415 1917 1604 1953 moraliter
1620 1913 1655 1962 (⁵)

472 1975 533 2011 dat
560 1976 710 2023 intelligi
742 1977 840 2022 quod
874 1977 988 2024 gigas,
1021 1977 1112 2012 idest
1145 1988 1303 2023 magnus
1335 1977 1527 2023 superbus,
1558 1981 1658 2014 recte

476 2037 575 2072 velut
602 2037 709 2072 AEtna
737 2038 870 2074 ardens
897 2038 1024 2073 furore
1052 2037 1183 2074 emittit
1212 2038 1379 2073 flammas
1407 2048 1492 2073 cum
1523 2048 1657 2084 magno

473 2098 607 2133 damno
635 2098 691 2133 sui
714 2102 749 2134 et
769 2099 940 2143 aliorum,
959 2099 1052 2134 sicut
1072 2102 1171 2134 recte
1191 2099 1307 2144 patuit
1330 2099 1364 2133 in
1388 2098 1558 2145 Dionysio
1579 2108 1657 2133 ma-

473 2169 546 2205 gno
566 2163 721 2205 tyranno
741 2159 835 2195 illius
854 2160 994 2195 insnlae.
1016 2159 1068 2198 Ad
1087 2159 1230 2195 literam
1250 2170 1358 2206 erg-03
1378 2159 1462 2195 dicit
1481 2159 1654 2195 Carolus:

537 2253 561 2277 θ’)
585 2255 602 2279 ί,
621 2253 690 2276 alind
710 2260 828 2284 regnum.
993 2254 1018 2282 ἃ)
1041 2255 1066 2277 Ε.
1085 2255 1116 2277 de
1134 2254 1210 2278 facto.
1307 2254 1332 2284 (³)
1350 2255 1379 2277 E.
1398 2257 1423 2277 et
1442 2253 1594 2277 admirabili.

538 2292 562 2318 ³5²⁴*
581 2291 610 2314 E.
629 2298 642 2315 e
662 2294 682 2320 fo,
702 2295 727 2315 et
746 2293 847 2317 videtur
865 2294 907 2316 ibi.
993 2294 1018 2323 (Ὗ
1037 2294 1066 2317 E.
1085 2293 1221 2317 moraliter
1239 2293 1359 2324 intelligit
1377 2293 1455 2324 quod.
