1737 2836
485 235 622 261 CANTus
649 236 810 261 TERTIUS.
1166 231 1236 263 375

64 308 191 353 telam5
219 312 254 344 et
282 308 391 344 telam
419 311 525 343 vocat
551 307 664 353 ipsam
684 307 886 343 orationem
910 317 994 353 quae
1012 307 1149 343 texitur
1168 308 1235 343 lin-

62 378 147 414 gua.
162 388 211 393 -
226 370 387 413 Persella.
414 367 518 402 Nunc
545 367 678 402 Dantes
700 367 799 412 ponit
817 367 1021 403 orationem
1049 367 1159 414 ipsius
1178 368 1237 403 Pi—

62 427 220 473 chardae‚
239 438 321 473 qua}
344 427 461 474 primo
481 427 707 462 laudabiliter
726 427 893 462 describit
914 428 1058 463 beatam
1079 428 1236 475 Claram,

63 487 168 523 cuius
196 488 361 534 regulam
389 487 463 533 ipsa
490 487 700 522 intraverat.
728 487 770 521 Et
796 487 841 522 ad
869 488 1004 523 claram
1033 488 1238 536 intelligen—

65 548 150 584 tiam
178 548 280 583 istius
297 544 331 593 ς’)
360 547 473 583 literae
500 550 554 582 est
580 547 856 592 praesciendum,
881 548 978 593 quod
1006 548 1111 584 beata
1131 549 1237 585 Clara

64 608 211 643 nomine
239 611 274 643 et
302 617 352 652 re,
381 607 466 652 quia
493 607 634 654 magnis
663 607 856 642 virtutibus
882 608 1024 653 claruit,
1052 609 1118 643 suit
1150 619 1238 644 con-

64 671 234 703 terranea
262 671 296 704 et
323 672 630 713 contemporanea
657 667 752 703 beati
784 667 975 713 Francisci,
1003 668 1081 703 eius
1107 669 1237 705 dilecta

64 731 100 763 et
125 727 268 773 devota,
297 738 379 773 qnae
406 728 441 762 in
468 727 637 763 omnibus
666 727 759 762 illius
784 728 935 774 vestigia
955 729 1068 764 voluit
1090 729 1236 775 imitari,

63 788 100 823 in
126 792 351 834 paupertate,
371 788 533 832 caritate,
557 787 770 833 humilitate,
792 788 998 833 sobrietate,
1022 789 1179 834 puritate
1203 793 1240 825 et

64 848 301 894 simplicitate.
318 849 402 883 Haec
422 858 583 893 namque
597 847 839 883 sacratissima
855 852 889 883 et
904 848 1103 884 clarissima
1123 850 1238 896 virgo,

64 908 277 944 haereditate
305 908 461 952 vendita,
489 907 533 943 de
567 907 681 953 pretio
699 903 733 951 (ἢ
764 907 847 942 niliil
886 918 1089 954 reservans,
1121 913 1237 945 totum

65 968 286 1014 pauperibus
314 968 500 1014 erogavit,
529 971 563 1003 et
590 978 756 1003 amorem
785 978 870 1003 cum
904 973 1118 1014 paupertate
1151 980 1239 1005 con-

65 1027 185 1072 traxit,
215 1031 254 1062 ut
282 1027 367 1062 nihil
395 1031 527 1072 praeter
553 1027 670 1062 Deum
700 1027 835 1063 habere
863 1028 979 1072 vellet,
1009 1029 1093 1064 nihil
1108 1024 1141 1073 ¹43}
1173 1030 1239 1064 nisi

66 1087 312 1122 necessarium
342 1087 598 1122 vestimentum
620 1090 655 1121 et
677 1087 812 1121 victum
839 1088 1066 1132 permitteret
1093 1099 1113 1123 a
1136 1099 1240 1124 soro—

66 1146 166 1182 ribus
194 1146 313 1192 recipi.
342 1147 384 1181 Et
410 1157 495 1181 cum
524 1146 721 1192 Gregorius
752 1147 799 1181 IX
832 1147 938 1182 vellet
969 1147 1081 1193 ipsam
1118 1149 1240 1184 absol-

68 1215 153 1241 vere
179 1216 200 1240 a
228 1209 312 1241 voto
336 1210 407 1241 tam
432 1210 542 1241 arctae
561 1206 795 1251 paupertatis,
820 1207 1001 1252 respondit
1022 1208 1095 1243 alto
1114 1208 1238 1243 animo

68 1265 170 1311 virgo
197 1266 383 1311 praeclara,
411 1276 449 1301 se
477 1266 569 1301 velle
595 1266 731 1301 absolvi
759 1276 779 1301 a
808 1267 973 1311 peccatis,
1003 1278 1074 1302 non
1101 1279 1121 1303 a
1151 1278 1239 1303 con-

67 1325 151 1360 siliis
185 1325 268 1361 Jesu
306 1325 446 1361 Christi.
484 1325 643 1371 Tegebat
682 1325 792 1371 igitur
829 1326 1069 1361 tenerrimum
1106 1338 1239 1372 corpu-

68 1385 210 1420 sculum
240 1385 365 1430 simpla
393 1384 553 1420 tunicula
587 1388 622 1420 et
649 1385 707 1419 rili
731 1385 894 1430 palliolo:
925 1385 959 1420 iu
996 1386 1092 1421 nuda
1125 1387 1238 1423 humo

69 1455 165 1491 saepe
196 1456 305 1491 super
341 1448 525 1480 sarmenta
551 1445 708 1490 Jacebat,
736 1448 770 1480 et
799 1445 977 1480 nodosum
1006 1446 1163 1482 cilleium
1192 1457 1236 1482 ex

68 1505 145 1551 pilis
164 1505 389 1540 camelorum
419 1504 596 1550 portabat,
617 1505 681 1539 etsi
701 1504 895 1549 aliquando
924 1506 1067 1540 mollius
1096 1517 1161 1542 usa
1188 1511 1241 1542 est

67 1575 172 1600 sacco
201 1565 400 1610 palearum.
421 1565 512 1600 Cum
541 1567 666 1599 autem
694 1564 797 1599 furor
823 1565 993 1600 Friderici
1014 1566 1053 1610 ll,
1073 1567 1135 1611 qui
1156 1571 1242 1602 tunc

69 1624 225 1659 vexabat
246 1634 435 1659 romanam
455 1623 644 1659 ecclesiam
665 1624 865 1659 induxisset
885 1635 1079 1660 saracenos
1098 1625 1143 1661 de
1164 1627 1240 1661 Nu—

68 1683 165 1719 ceria
193 1694 310 1728 usque
337 1683 521 1728 Assisium,
542 1684 618 1718 hacc
641 1684 815 1729 praeclara
844 1685 958 1731 virgo,
983 1685 1147 1721 invocata
1171 1686 1241 1722 Re-

68 1744 152 1790 gina
182 1744 377 1789 virginum,
406 1744 670 1779 monasterium
705 1755 813 1779 suum
849 1755 870 1780 a
902 1745 1145 1781 barbarorum
1175 1757 1241 1781 sae-

70 1804 154 1839 vitia
190 1803 355 1838 liberavit
391 1807 426 1837 et
461 1803 643 1838 civitatem
680 1804 725 1838 ab
761 1805 956 1840 obsidione.
993 1805 1240 1852 Quadraginta

69 1863 213 1898 duobus
239 1863 341 1897 anuis
369 1863 445 1897 hoec
472 1863 575 1909 virgo
602 1874 755 1899 currens
778 1864 812 1898 in
835 1865 960 1908 stadio,
983 1866 1127 1900 tandem
1156 1867 1241 1901 bra-

70 1923 169 1958 vium
200 1922 430 1957 beatitudinis
457 1926 509 1957 est
537 1923 682 1968 adepta:
711 1923 767 1958 cui
800 1924 964 1959 redeunti
998 1925 1042 1959 ad
1074 1925 1242 1970 patriam⁷

70 1982 207 2028 Regina
226 1982 443 2027 angehirun'i
474 1992 604 2027 magna
633 1982 740 2017 turba
770 1983 950 2028 virginum
980 1984 1150 2019 comitata
1178 1995 1240 2020 oc-

70 2041 197 2086 currit,
225 2045 259 2077 et
286 2052 353 2076 suo
379 2041 533 2086 suscepit
557 2041 591 2075 in
610 2042 770 2087 gremio:
792 2053 902 2086 quani
922 2042 1125 2078 Alexander
1144 2044 1188 2078 IV
1205 2039 1239 2088 ff)

72 2104 218 2147 propter
247 2102 423 2136 virtutum
453 2101 582 2136 merita
609 2104 645 2136 et
672 2101 936 2136 miraculorum
963 2113 1095 2149 magna
1124 2104 1242 2149 prodi—

71 2161 129 2206 gia
157 2165 365 2196 sanctorum
396 2161 560 2205 catalogo
587 2161 699 2195 libens
724 2161 920 2206 adscripsit.
950 2163 1053 2197 Nunc
1085 2163 1129 2198 ad
1164 2164 1243 2199 lite—

134 2255 159 2282 Α)
176 2254 200 2277 S.
219 2255 293 2277 huin<
312 2255 401 2279 literae.
668 2255 694 2283 Π)
717 2258 734 2282 ’4,
754 2256 836 2285 [πε-ΗΟ
853 2257 898 2279 sibi
918 2257 988 2280 nibil.

136 2291 161 2321 ιζ’)
180 2292 207 2315 li.
226 2295 250 2314 el
269 2292 338 2315 nihil.
668 2292 693 2320 2⁸)
712 2293 740 2315 E.
758 2296 864 2323 quartus
882 2302 944 2324 papa
963 2297 1076 2324 propter.
