1766 2856
501 243 547 274 44
861 246 1062 271 COMENTUM
1089 245 1311 270 PURGATORII

500 320 603 356 hene.
631 320 778 354 Poterat
805 318 900 353 enim
929 317 1051 353 dicere
1078 317 1134 352 hic
1161 317 1285 362 aliqua
1312 316 1463 351 mulier:
1492 326 1564 351 non
1590 325 1673 350 sum

500 380 621 425 Maria7
649 389 732 424 quae
759 378 895 423 repleta
923 381 976 412 est
1011 377 1137 423 spiritu
1171 380 1306 421 sancto,
1340 376 1453 411 immo
1490 386 1571 410 sum
1607 375 1674 410 foe—

501 440 598 475 mina
626 439 770 485 fragilis,
791 448 874 483 quae
892 438 1010 473 habeo
1029 437 1209 483 appetitus
1228 436 1469 481 inordinat053
1488 436 1568 471 ideo
1588 444 1675 470 ecce

502 499 711 544 exemplum
740 508 812 533 non
840 498 948 532 unius
979 497 1041 533 sed
1073 497 1275 531 multarum
1308 506 1546 542 paganarum.
1580 495 1672 530 Nam

504 554 715 602 romanaeU)
743 557 840 602 olim,
869 561 909 592 ut
943 560 996 592 est
1031 557 1127 602 apud
1162 556 1361 601 Valerium,
1396 566 1468 591 non
1502 555 1675 590 bibebant

503 618 628 653 vinum
649 628 695 653 ne
721 618 756 652 in
783 617 917 662 aliquid
937 617 1094 652 dedecus
1112 616 1403 662 prolaberentur.
1427 616 1526 652 Unde
1549 618 1675 650 narrat

503 679 578 725 ipse
605 679 768 714 Valerius
795 678 839 713 de
870 678 1046 722 Romano,
1079 677 1139 722 qui
1174 677 1344 712 mactavit
1378 687 1533 712 uxorem
1566 676 1674 720 fuste,

504 749 615 784 quam
644 738 790 784 reperiit
816 738 947 773 bibisse
975 737 1101 772 vinum
1138 737 1274 771 furtim.
1302 737 1393 772 Nam
1422 737 1468 772 ab
1499 736 1676 772 ebrietate

503 799 548 834 ad
574 799 756 834 libidinem
777 797 927 833 faciliter
943 793 978 841 (²)
999 797 1036 831 fit
1057 797 1241 841 transitus,
1268 797 1428 832 maxime
1447 797 1482 831 in
1501 796 1673 841 muliere3

504 870 587 894 nam
616 859 840 904 quicumque
868 858 993 891 vinum
1021 857 1156 902 appetit
1182 857 1442 902 viti1sjanuam
1461 857 1596 902 aperit3
1620 860 1676 892 ta-

504 929 587 953 men
617 918 755 953 romani
784 917 1041 963 permittebant
1068 917 1119 952 eis
1147 917 1296 952 licenter
1327 917 1469 952 cultum
1498 926 1673 962 personae.

503 979 543 1012 Et
572 981 696 1013 tamen
728 977 865 1012 Seneca
895 977 972 1022 jam
1006 980 1172 1022 tempore
1202 986 1270 1011 suo
1303 976 1543 1021 conqueritur
1578 975 1677 1021 quod

507 1038 678 1073 mulieres
706 1047 778 1071 non
805 1037 926 1071 minus
952 1040 1076 1082 potant
1104 1047 1216 1081 quam
1245 1036 1323 1081 viri,
1351 1040 1387 1071 et
1402 1032 1437 1079 ὅ)
1467 1036 1564 1071 viros
1592 1035 1676 1071 vino

506 1100 723 1143 provocant3
743 1099 779 1131 et
800 1096 999 1141 dicitquod
1027 1096 1112 1131 olim
1141 1106 1213 1131 non
1237 1096 1467 1141 patiebantur
1490 1095 1676 1130 calvitium

506 1167 627 1202 neque
653 1156 853 1202 podagram
877 1156 970 1191 sicut
998 1166 1104 1190 nunc.
1125 1155 1215 1190 Dicit
1242 1166 1330 1201 ergo
1358 1159 1463 1201 poeta
1492 1155 1589 1200 quod
1617 1155 1674 1191 illa

505 1217 633 1253 eadem
662 1227 731 1252 vox
760 1216 908 1251 veniens
935 1216 981 1251 ab
1007 1216 1140 1251 arbore
1167 1216 1272 1251 dixit:
1302 1218 1333 1250 E
1357 1217 1386 1250 le
1412 1226 1560 1250 romane
1585 1217 1677 1250 anti-

504 1287 568 1321 que
590 1279 697 1321 saron
724 1280 876 1310 contente
903 1277 1040 1319 d'aqzca
1063 1286 1128 1320 per
1155 1277 1210 1310 lor
1236 1276 1336 1319 bere;
1365 1275 1503 1310 utinam
1526 1278 1677 1310 conten-

506 1341 672 1372 tarentur
700 1336 805 1371 hodie
833 1346 907 1370 uno
934 1340 970 1371 et
1001 1335 1152 1381 simplici
1186 1336 1280 1370 vino.
1297 1338 1390 1370 —E
1414 1337 1585 1370 Dcmiello.
1613 1335 1677 1370 Hic

505 1400 610 1442 poeta
636 1396 782 1431 adducit
808 1396 906 1431 aliud
933 1396 1142 1442 exemplum
1167 1395 1370 1431 sobrietatis
1398 1395 1432 1430 in
1453 1396 1592 1441 juvene
1613 1396 1678 1432 lie-

506 1457 615 1491 braeo.
635 1456 685 1491 Ad
706 1456 802 1501 quod
822 1459 875 1491 est
894 1456 1092 1500 sciendum7
1113 1456 1210 1501 quod
1230 1456 1323 1491 sicut
1345 1456 1501 1491 habetur
1521 1456 1677 1492 Danielis

506 1516 624 1561 primo
646 1516 804 1561 capitulo
831 1519 866 1550 et
894 1526 936 1551 ex
967 1516 1132 1561 Josepho,
1151 1515 1485 1551 Nabuchodonosor
1509 1526 1574 1551 rex
1596 1527 1676 1552 ma-

506 1586 587 1622 gnae
613 1576 803 1621 Babylonis
834 1580 937 1621 capta
970 1576 1172 1611 Jerusalem
1207 1575 1357 1610 adduxit
1389 1585 1515 1610 secum
1551 1586 1677 1622 regem

507 1635 667 1670 Joachim
696 1639 731 1670 et
758 1635 894 1670 nobiles
922 1645 1054 1680 pueros
1081 1645 1165 1670 cum
1195 1635 1366 1670 thesauro
1397 1645 1547 1681 magno:
1575 1640 1611 1672 et
1633 1637 1679 1672 de

507 1695 678 1730 mandato
700 1695 778 1730 eius
797 1698 956 1740 quatuor
984 1695 1098 1740 pueri,
1119 1705 1278 1739 quorum
1301 1694 1504 1740 principalis
1523 1696 1588 1731 fuit
1606 1696 1679 1732 Da-

507 1754 590 1799 niel,
619 1754 732 1800 pulcri
760 1754 876 1789 forma
904 1758 939 1789 et
965 1754 1097 1790 dociles
1124 1754 1268 1800 iugenio
1296 1755 1399 1790 electi
1427 1758 1511 1790 sunt
1545 1760 1583 1791 ut
1614 1766 1678 1792 ve-

506 1817 697 1849 scerentur
723 1814 811 1849 cibis
839 1814 1022 1860 regalibus
1049 1817 1085 1849 et
1112 1814 1348 1849 erudirentur
1375 1814 1559 1860 disciplina
1578 1816 1678 1851 chal—

506 1874 683 1909 daeorum.
712 1874 835 1909 Daniel
863 1877 987 1909 autem
1021 1874 1207 1919 proposuit
1223 1868 1258 1918 (⁵)
1293 1874 1328 1908 in
1362 1874 1472 1910 corde
1504 1886 1571 1911 suo
1605 1886 1677 1911 non

506 1934 669 1979 polluere
696 1937 860 1969 ventrem
894 1945 1002 1969 suum
1038 1934 1118 1969 cibo
1150 1934 1206 1969 vel
1239 1934 1322 1969 vino
1356 1944 1491 1970 mensae
1524 1935 1675 1981 regalis:

506 1993 584 2029 ideo
600 1993 807 2039 impetravit
820 2004 841 2028 a
856 1994 1006 2029 custode
1021 2004 1088 2029 suo
1103 1994 1290 2040 legumina
1306 2004 1371 2039 pro
1386 1994 1478 2039 cibo,
1490 1998 1524 2030 et
1539 2005 1676 2040 aquam

505 2063 570 2098 pro
597 2056 701 2098 potu3
730 2056 766 2087 et
792 2053 907 2088 sactus
935 2056 988 2089 est
1015 2053 1175 2099 pulcrior
1194 2057 1234 2088 ut
1252 2053 1468 2099 promiserat
1492 2054 1549 2089 illi.
1569 2054 1676 2090 Simi-

505 2112 585 2147 liter
612 2116 648 2147 et
674 2112 758 2147 socii
786 2113 841 2147 sui
869 2113 1003 2158 quibus
1020 2109 1055 2157 (⁵⁵)
1083 2114 1180 2148 Deus
1207 2113 1301 2148 dedit
1329 2113 1515 2148 scientiam
1545 2117 1579 2149 et
1610 2115 1677 2151 do-

567 2223 592 2251 (·)
612 2222 639 2245 E.
659 2229 770 2245 romanae
788 2222 909 2246 mulieres
927 2222 998 2246 olim.
1094 2223 1119 2250 Ν)
1138 2223 1166 2246 Ε.
1185 2223 1266 2246 facilis
1279 2225 1316 2246 est
1328 2224 1457 2252 transitus,
1477 2225 1607 2254 praecipue
1625 2226 1658 2250 in.

568 2259 593 2288 (⁸)
612 2260 640 2283 E.
659 2262 684 2283 et
701 2260 769 2290 quod
787 2260 863 2283 viros.
1096 2260 1119 2289 [⁴]
1140 2261 1167 2283 E.
1186 2265 1363 2290 proposuerat.

568 2298 594 2327 (¹⁵)
612 2298 641 2322 Ε.
659 2298 750 2328 quibus
768 2299 929 2328 omnipotens
947 2299 1023 2322 Deus.
