1766 2856
506 218 573 249 124
839 219 1043 246 COMENTUM
1070 217 1288 244 PL'RGATORII

502 296 596 331 hello
619 294 786 341 judaico:
815 291 1018 337 Pentapolis
1044 291 1129 326 olim
1158 293 1232 325 tam
1257 289 1434 324 fructibus
1456 299 1567 334 quam
1586 288 1674 323 sub-

502 356 631 390 stantia
659 354 844 389 civitatum
873 352 1069 396 fortunata,
1090 360 1187 385 nunc
1208 353 1284 385 tota
1307 352 1437 385 exusta
1464 348 1676 383 fulminibus

503 415 632 450 arsisse
660 415 899 448 memoratur.
920 412 1045 447 Adhuc
1072 411 1108 445 in
1135 421 1179 446 ea
1203 410 1286 445 licet
1304 409 1428 444 videre
1448 408 1618 454 reliquias
1635 404 1671 452 (')

504 474 594 520 ignis
622 476 656 508 et
684 476 868 508 terrarum
896 471 1072 517 imagines
1104 473 1139 506 et
1172 473 1404 505 renascentes
1430 468 1467 503 in
1494 467 1678 503 cineribus

505 533 656 578 fructus,
685 532 747 578 qui
773 532 895 567 colore
922 531 1069 576 quidem
1097 533 1181 565 sunt
1208 529 1404 564 virentium
1425 528 1571 573 similes,
1595 537 1678 563 car-

505 593 667 638 pentium
702 602 791 628 vero
824 591 991 626 manibus
1031 591 1066 625 in
1103 590 1247 625 fumum
1283 589 1530 624 dissolvuntur
1557 590 1593 623 et
1626 587 1678 622 ci-

505 663 622 689 neres.
651 653 748 688 Idem
775 651 859 687 dicit
890 651 1124 697 Augustinus.
1156 650 1198 684 Et
1234 649 1331 693 quod
1362 659 1433 683 non
1465 648 1586 682 minus
1609 646 1678 681 mi-

506 713 661 748 randum
691 711 833 747 videtur
852 711 935 745 dicit
956 711 1212 756 Hieronymus,
1238 708 1335 753 quod
1355 712 1460 743 nocte
1479 718 1551 753 qua
1572 710 1678 742 natus

507 776 559 808 est
586 772 746 807 Christus
773 771 960 806 sodomitae
988 769 1135 805 extincti
1162 772 1259 813 sunt,
1279 779 1324 804 ne
1341 764 1376 812 (Ζ)
1402 768 1564 803 Christus
1592 778 1678 803 cum

506 832 601 868 venit
630 832 665 866 in
692 831 811 866 lucem
841 830 1019 865 inveniret
1046 833 1217 864 naturam
1244 829 1443 863 humanam
1467 831 1542 863 tam
1562 828 1680 873 pollu-

508 895 592 926 tam.
621 892 663 925 Et
689 890 791 925 dicit:
823 901 840 924 e
875 891 1017 933 l'allra,
1053 889 1197 932 scilicet,
1225 898 1315 934 gens
1351 888 1467 932 prima
1499 887 1681 922 clamabat

508 951 679 997 detegens
706 960 815 985 suum
844 950 1032 996 flagitium,
1052 949 1196 993 scilicet,
1217 948 1450 992 bestialitatis,
1479 947 1679 983 extendens

508 1021 612 1045 suam
647 1010 829 1045 libidinem
866 1009 911 1044 ad
945 1013 1146 1054 utrumque
1181 1018 1330 1052 sexum,
1369 1009 1497 1052 Pasise,
1532 1002 1680 1065 uxor&

509 1069 633 1105 Minois
660 1073 816 1115 urgente
844 1069 991 1104 flamma
1020 1068 1188 1112 luxuriae,
1219 1064 1318 1102 9111Γό
1344 1069 1434 1102 nella
1464 1077 1580 1111 vacca,
1611 1067 1681 1102 sci-

511 1130 602 1174 licet,
622 1129 861 1173 artificiatam,
876 1126 1005 1173 perche*
1022 1130 1046 1163 ’l
1071 1129 1204 1171 lorello,
1224 1127 1369 1171 scilicet,
1389 1137 1525 1172 parvus
1551 1130 1680 1161 taurus

506 1189 663 1235 jtlvenis,
692 1188 836 1233 scilicet,
864 1187 1010 1233 vitulus,
1038 1198 1146 1222 corra
1172 1198 1194 1221 α
1220 1198 1284 1221 sua
1308 1188 1472 1230 [ussto-ia,
1501 1186 1599 1231 quod
1626 1185 1681 1221 vi-

509 1249 616 1284 detur
642 1258 773 1283 verum
803 1247 921 1282 fuisse.
950 1247 1051 1282 Unde
1079 1247 1243 1282 Valerius
1272 1246 1394 1281 scribit
1426 1246 1524 1291 quod
1552 1249 1681 1280 taurus

510 1309 605 1354 apud
621 1308 818 1354 Syracusas
837 1307 1046 1353 compulsus
1066 1310 1120 1341 est
1138 1306 1182 1341 ad
1202 1316 1367 1342 amorem
1387 1309 1423 1341 et
1442 1305 1679 1340 concubitum

510 1378 620 1404 aeneae
649 1378 768 1403 vaccae
797 1367 916 1401 nimiae
944 1365 1185 1401 similitudinis
1205 1366 1508 1401 incitamento.-
1524 1367 1598 1400 Pol.
1619 1364 1682 1399 Hic

511 1429 638 1463 ultimo
657 1431 762 1473 poeta
782 1427 881 1473 ponit
900 1437 1086 1462 recessum
1103 1426 1247 1461 illarum
1268 1426 1476 1460 animarum
1497 1435 1562 1470 per
1581 1435 1683 1460 com-

512 1488 736 1533 parationem
774 1486 955 1532 propriam
994 1489 1029 1521 et
1062 1486 1217 1530 claram,
1250 1485 1297 1520 ita
1332 1485 1428 1520 enim
1463 1484 1683 1520 recedebant

513 1551 609 1582 recta
636 1547 730 1581 linea
759 1556 886 1581 versus
913 1545 1074 1580 diversas
1101 1547 1222 1589 partes
1249 1544 1341 1579 sicut
1368 1547 1556 1579 renerant..
1584 1543 1685 1578 Unde

511 1607 613 1642 dicit:
649 1608 713 1640 Poi
746 1607 850 1640 l'zma
881 1609 990 1648 (Jeme,
1026 1614 1109 1649 quae
1141 1604 1357 1639 secundario
1388 1603 1611 1638 advenerant
1635 1597 1685 1647 ff),

511 1677 569 1701 sen
599 1677 654 1709 ra,
682 1666 781 1710 idest,
810 1665 957 1709 recedit,
985 1665 1128 1707 l’allra,
1159 1663 1303 1707 scilicet,
1334 1662 1461 1708 prima,
1489 1673 1546 1696 sen
1578 1663 1684 1705 elene,

514 1730 553 1761 ut
580 1725 805 1762 reinveniant
824 1735 889 1759 nos
916 1728 951 1760 et
978 1724 1127 1759 audiant
1156 1733 1215 1759 me
1242 1724 1464 1768 loquentem,
1484 1733 1578 1756 come
1597 1732 1686 1766 grue

512 1788 571 1821 che
598 1787 752 1820 volas-ser
775 1788 877 1829 parte
895 1786 962 1818 alle
981 1787 1166 1827 monlayne
1185 1785 1270 1827 Rife.
1292 1783 1365 1817 Hoc
1385 1785 1437 1817 est
1457 1782 1579 1817 dicere
1598 1791 1683 1817 ver-

513 1858 576 1882 sus
603 1845 905 1891 septentrionem,
926 1847 1068 1879 montes
1087 1844 1183 1879 enim
1206 1843 1318 1888 riphei
1346 1846 1430 1877 sunt
1458 1842 1493 1877 in
1520 1842 1683 1888 partibus

513 1906 690 1952 aquilonis
717 1905 785 1940 suh
812 1908 935 1939 nostro
963 1905 1065 1950 polo;
1090 1908 1192 1948 parte
1223 1901 1321 1937 ἰηυέν
1353 1904 1508 1946 l’arene,
1537 1901 1683 1946 scilicet,

515 1965 727 2010 meridiem,
759 1968 883 2009 queste,
919 1964 1064 2008 scilicet,
1099 1973 1181 2008 quae
1217 1962 1340 1997 volant
1375 1972 1504 1996 versus
1540 1971 1682 2006 arenas,

512 2028 615 2070 scleife
636 2027 691 2059 del
711 2026 812 2069 ye'elo,
834 2024 936 2069 idest,
957 2024 1110 2059 vitantes
1138 2023 1252 2069 frigus
1280 2021 1543 2068 septentrionis,
1564 2022 1684 2065 quelle,

513 2085 657 2127 scilicet,
690 2094 772 2128 quen
808 2084 930 2118 volant
964 2094 1092 2118 versus
1130 2085 1269 2118 montes
1307 2082 1460 2127 ripheos,
1495 2082 1598 2126 sehe'fe
1632 2081 1689 2115 del

576 2198 601 2226 (¹)
621 2201 672 2224 117,
691 2198 787 2228 aliquas
805 2198 868 2227 igni<
885 2201 908 2221 vt
929 2202 1058 2221 terrarum
1077 2198 1207 2226 imagines.

578 2236 604 2266 (²)
622 2237 651 2259 li.
669 2243 700 2259 ne
719 2236 842 2259 Dominus
860 2239 945 2259 noster
963 2236 1036 2265 jesus
1052 2236 1176 2259 Christus.

580 2275 603 2303 (³⁵)
622 2275 651 2297 E.
670 2281 734 2297 uxor
752 2275 818 2303 regis
836 2275 936 2297 Minois
1126 2274 1151 2303 (¹)
1170 2274 1198 2297 E.
1217 2274 1362 2297 advenerat.
