<?xml version="1.0" encoding="UTF-8"?>
<!DOCTYPE html PUBLIC "-//W3C//DTD XHTML 1.0 Transitional//EN"
    "http://www.w3.org/TR/xhtml1/DTD/xhtml1-transitional.dtd">
<html xmlns="http://www.w3.org/1999/xhtml" xml:lang="en" lang="en">
 <head>
  <title>
</title>
<meta http-equiv="Content-Type" content="text/html;charset=utf-8" />
  <meta name='ocr-system' content='tesseract 3.04.00' />
  <meta name='ocr-capabilities' content='ocr_page ocr_carea ocr_par ocr_line ocrx_word'/>
</head>
<body>
  <div class='ocr_page' id='page_1' title='image "./comentumsuperdan04benvuoft_0122.png"; bbox 0 0 1766 2856; ppageno 0'>
   <div class='ocr_carea' id='block_1_1' title="bbox 525 238 1333 269">
    <p class='ocr_par' dir='ltr' id='par_1_1' title="bbox 525 238 1333 269">
     <span class='ocr_line' id='line_1_1' title="bbox 525 238 1333 269; baseline -0.005 0"><span class='ocrx_word' id='word_1_1' title='bbox 525 238 540 268; x_wconf 90' lang='lat'>1</span> <span class='ocrx_word' id='word_1_2' title='bbox 550 238 565 269; x_wconf 89' lang='lat'>1</span> <span class='ocrx_word' id='word_1_3' title='bbox 573 238 592 269; x_wconf 91' lang='grc' dir='ltr'><strong>Ο</strong></span> <span class='ocrx_word' id='word_1_4' title='bbox 883 241 1086 266; x_wconf 68' lang='lat' dir='ltr'>COMENTL&#39;M</span> <span class='ocrx_word' id='word_1_5' title='bbox 1113 241 1333 266; x_wconf 74' lang='lat' dir='ltr'>PURGATORH</span> 
     </span>
    </p>
   </div>
   <div class='ocr_carea' id='block_1_2' title="bbox 517 312 1696 2221">
    <p class='ocr_par' dir='ltr' id='par_1_2' title="bbox 517 312 1696 2221">
     <span class='ocr_line' id='line_1_2' title="bbox 521 312 1694 361; baseline -0.003 -10"><span class='ocrx_word' id='word_1_6' title='bbox 521 316 625 361; x_wconf 81' lang='lat' dir='ltr'>quasi</span> <span class='ocrx_word' id='word_1_7' title='bbox 652 314 817 358; x_wconf 74' lang='lat' dir='ltr'>materia,</span> <span class='ocrx_word' id='word_1_8' title='bbox 839 315 873 348; x_wconf 79' lang='lat' dir='ltr'>in</span> <span class='ocrx_word' id='word_1_9' title='bbox 903 314 1015 357; x_wconf 76' lang='lat' dir='ltr'>quella</span> <span class='ocrx_word' id='word_1_10' title='bbox 1031 315 1165 358; x_wconf 82' lang='lat' dir='ltr'>forma,</span> <span class='ocrx_word' id='word_1_11' title='bbox 1184 312 1328 357; x_wconf 80' lang='lat' dir='ltr'>scilicet,</span> <span class='ocrx_word' id='word_1_12' title='bbox 1349 313 1511 358; x_wconf 91' lang='lat' dir='ltr'>corporis</span> <span class='ocrx_word' id='word_1_13' title='bbox 1531 313 1694 359; x_wconf 82' lang='lat' dir='ltr'>humani,</span> 
     </span>
     <span class='ocr_line' id='line_1_3' title="bbox 521 372 1696 420; baseline -0.003 -9"><span class='ocrx_word' id='word_1_14' title='bbox 521 377 592 420; x_wconf 76' lang='lat' dir='ltr'>che,</span> <span class='ocrx_word' id='word_1_15' title='bbox 608 376 708 419; x_wconf 80' lang='lat' dir='ltr'>idest,</span> <span class='ocrx_word' id='word_1_16' title='bbox 725 384 835 420; x_wconf 88' lang='lat' dir='ltr'>quam</span> <span class='ocrx_word' id='word_1_17' title='bbox 857 374 1025 417; x_wconf 79' lang='lat' dir='ltr'>sormam,</span> <span class='ocrx_word' id='word_1_18' title='bbox 1045 374 1200 417; x_wconf 72' lang='lat' dir='ltr'>suyyella</span> <span class='ocrx_word' id='word_1_19' title='bbox 1227 374 1260 407; x_wconf 78' lang='grc' dir='ltr'><em>ιή</em></span> <span class='ocrx_word' id='word_1_20' title='bbox 1283 374 1342 417; x_wconf 69' lang='lat' dir='ltr'>lui,</span> <span class='ocrx_word' id='word_1_21' title='bbox 1366 372 1468 418; x_wconf 84' lang='lat' dir='ltr'>idest,</span> <span class='ocrx_word' id='word_1_22' title='bbox 1488 382 1696 419; x_wconf 74' lang='lat' dir='ltr'>repraesen—</span> 
     </span>
     <span class='ocr_line' id='line_1_4' title="bbox 522 433 1695 479; baseline -0.001 -9"><span class='ocrx_word' id='word_1_23' title='bbox 522 439 572 471; x_wconf 88' lang='lat' dir='ltr'>tat</span> <span class='ocrx_word' id='word_1_24' title='bbox 600 436 634 470; x_wconf 93' lang='lat' dir='ltr'>in</span> <span class='ocrx_word' id='word_1_25' title='bbox 666 435 741 479; x_wconf 84' lang='lat' dir='ltr'>ipso</span> <span class='ocrx_word' id='word_1_26' title='bbox 774 444 872 479; x_wconf 76' lang='lat' dir='ltr'>aere,</span> <span class='ocrx_word' id='word_1_27' title='bbox 901 434 1138 468; x_wconf 73' lang='lat' dir='ltr'>virtualnzente</span> <span class='ocrx_word' id='word_1_28' title='bbox 1170 435 1301 468; x_wconf 79' lang='lat' dir='ltr'>l&#39;almcz</span> <span class='ocrx_word' id='word_1_29' title='bbox 1333 434 1391 467; x_wconf 76' lang='lat' dir='ltr'>che</span> <span class='ocrx_word' id='word_1_30' title='bbox 1421 434 1561 477; x_wconf 71' lang='lat' dir='ltr'>riscecoe,</span> <span class='ocrx_word' id='word_1_31' title='bbox 1592 433 1695 479; x_wconf 77' lang='lat' dir='ltr'>idest,</span> 
     </span>
     <span class='ocr_line' id='line_1_5' title="bbox 521 493 1696 540; baseline -0.002 -9"><span class='ocrx_word' id='word_1_32' title='bbox 521 496 641 531; x_wconf 87' lang='lat' dir='ltr'>anima</span> <span class='ocrx_word' id='word_1_33' title='bbox 670 505 752 540; x_wconf 81' lang='lat' dir='ltr'>quae</span> <span class='ocrx_word' id='word_1_34' title='bbox 788 493 962 530; x_wconf 78' lang='lat' dir='ltr'>remansit</span> <span class='ocrx_word' id='word_1_35' title='bbox 988 493 1047 538; x_wconf 73' lang='lat' dir='ltr'>ibi,</span> <span class='ocrx_word' id='word_1_36' title='bbox 1076 503 1159 538; x_wconf 85' lang='lat' dir='ltr'>quae</span> <span class='ocrx_word' id='word_1_37' title='bbox 1192 493 1301 528; x_wconf 88' lang='lat' dir='ltr'>habet</span> <span class='ocrx_word' id='word_1_38' title='bbox 1335 493 1533 538; x_wconf 89' lang='lat' dir='ltr'>potentiam</span> <span class='ocrx_word' id='word_1_39' title='bbox 1568 493 1696 540; x_wconf 92' lang='lat' dir='ltr'>impri-</span> 
     </span>
     <span class='ocr_line' id='line_1_6' title="bbox 522 553 1696 600; baseline -0.001 -10"><span class='ocrx_word' id='word_1_40' title='bbox 522 555 643 591; x_wconf 88' lang='lat' dir='ltr'>mendi</span> <span class='ocrx_word' id='word_1_41' title='bbox 670 556 779 591; x_wconf 82' lang='lat' dir='ltr'>talem</span> <span class='ocrx_word' id='word_1_42' title='bbox 808 555 1086 590; x_wconf 70' lang='lat' dir='ltr'>formam—E</span> <span class='ocrx_word' id='word_1_43' title='bbox 1108 555 1335 597; x_wconf 72' lang='lat' dir='ltr'>somiyliame.</span> <span class='ocrx_word' id='word_1_44' title='bbox 1369 553 1433 588; x_wconf 88' lang='lat' dir='ltr'>Hic</span> <span class='ocrx_word' id='word_1_45' title='bbox 1469 553 1604 589; x_wconf 81' lang='lat' dir='ltr'>Statius</span> <span class='ocrx_word' id='word_1_46' title='bbox 1630 564 1696 600; x_wconf 87' lang='lat' dir='ltr'>per</span> 
     </span>
     <span class='ocr_line' id='line_1_7' title="bbox 521 613 1696 660; baseline -0.002 -9"><span class='ocrx_word' id='word_1_47' title='bbox 521 616 629 652; x_wconf 85' lang='lat' dir='ltr'>aliam</span> <span class='ocrx_word' id='word_1_48' title='bbox 664 615 832 650; x_wconf 87' lang='lat' dir='ltr'>subtilem</span> <span class='ocrx_word' id='word_1_49' title='bbox 867 614 1179 660; x_wconf 76' lang='lat' dir='ltr'>comparationem</span> <span class='ocrx_word' id='word_1_50' title='bbox 1217 613 1372 649; x_wconf 79' lang='lat' dir='ltr'>ostendit</span> <span class='ocrx_word' id='word_1_51' title='bbox 1409 613 1583 650; x_wconf 79' lang='lat' dir='ltr'>virtutem</span> <span class='ocrx_word' id='word_1_52' title='bbox 1615 613 1696 649; x_wconf 88' lang='lat' dir='ltr'>talis</span> 
     </span>
     <span class='ocr_line' id='line_1_8' title="bbox 521 673 1695 719; baseline -0.001 -9"><span class='ocrx_word' id='word_1_53' title='bbox 521 675 654 711; x_wconf 78' lang='lat' dir='ltr'>animae</span> <span class='ocrx_word' id='word_1_54' title='bbox 680 675 730 710; x_wconf 84' lang='lat' dir='ltr'>sic</span> <span class='ocrx_word' id='word_1_55' title='bbox 749 674 966 718; x_wconf 74' lang='lat' dir='ltr'>habituatae3</span> <span class='ocrx_word' id='word_1_56' title='bbox 987 677 1021 709; x_wconf 90' lang='lat' dir='ltr'>et</span> <span class='ocrx_word' id='word_1_57' title='bbox 1041 673 1203 709; x_wconf 71' lang='lat' dir='ltr'>breviter</span> <span class='ocrx_word' id='word_1_58' title='bbox 1221 673 1316 718; x_wconf 81' lang='lat' dir='ltr'>dicit,</span> <span class='ocrx_word' id='word_1_59' title='bbox 1335 674 1432 719; x_wconf 90' lang='lat' dir='ltr'>quod</span> <span class='ocrx_word' id='word_1_60' title='bbox 1452 674 1574 709; x_wconf 90' lang='lat' dir='ltr'>anima</span> <span class='ocrx_word' id='word_1_61' title='bbox 1593 673 1695 710; x_wconf 91' lang='lat' dir='ltr'>dein—</span> 
     </span>
     <span class='ocr_line' id='line_1_9' title="bbox 522 733 1694 781; baseline -0.001 -11"><span class='ocrx_word' id='word_1_62' title='bbox 522 745 605 781; x_wconf 87' lang='lat' dir='ltr'>ceps</span> <span class='ocrx_word' id='word_1_63' title='bbox 632 738 751 780; x_wconf 83' lang='lat' dir='ltr'>portat</span> <span class='ocrx_word' id='word_1_64' title='bbox 777 745 922 780; x_wconf 82' lang='lat' dir='ltr'>semper</span> <span class='ocrx_word' id='word_1_65' title='bbox 953 744 1079 770; x_wconf 86' lang='lat' dir='ltr'>secum</span> <span class='ocrx_word' id='word_1_66' title='bbox 1111 733 1268 768; x_wconf 87' lang='lat' dir='ltr'>formam</span> <span class='ocrx_word' id='word_1_67' title='bbox 1296 734 1438 769; x_wconf 77' lang='lat' dir='ltr'>noviter</span> <span class='ocrx_word' id='word_1_68' title='bbox 1464 734 1694 780; x_wconf 78' lang='lat' dir='ltr'>acquisitam,</span> 
     </span>
     <span class='ocr_line' id='line_1_10' title="bbox 522 793 1695 840; baseline 0 -10"><span class='ocrx_word' id='word_1_69' title='bbox 522 795 614 830; x_wconf 88' lang='lat' dir='ltr'>sicut</span> <span class='ocrx_word' id='word_1_70' title='bbox 636 794 727 840; x_wconf 80' lang='lat' dir='ltr'>ignis</span> <span class='ocrx_word' id='word_1_71' title='bbox 746 794 945 829; x_wconf 84' lang='lat' dir='ltr'>flammam.</span> <span class='ocrx_word' id='word_1_72' title='bbox 966 794 1008 828; x_wconf 90' lang='lat' dir='ltr'>Et</span> <span class='ocrx_word' id='word_1_73' title='bbox 1027 797 1081 829; x_wconf 93' lang='lat' dir='ltr'>est</span> <span class='ocrx_word' id='word_1_74' title='bbox 1100 793 1246 839; x_wconf 90' lang='lat' dir='ltr'>propria</span> <span class='ocrx_word' id='word_1_75' title='bbox 1265 793 1490 839; x_wconf 83' lang='lat' dir='ltr'>comparatio</span> <span class='ocrx_word' id='word_1_76' title='bbox 1508 794 1554 829; x_wconf 92' lang='lat' dir='ltr'>de</span> <span class='ocrx_word' id='word_1_77' title='bbox 1572 795 1695 830; x_wconf 91' lang='lat' dir='ltr'>anima</span> 
     </span>
     <span class='ocr_line' id='line_1_11' title="bbox 522 853 1694 900; baseline 0.001 -11"><span class='ocrx_word' id='word_1_78' title='bbox 522 854 735 899; x_wconf 85' lang='lat' dir='ltr'>incorporea</span> <span class='ocrx_word' id='word_1_79' title='bbox 762 853 807 888; x_wconf 89' lang='lat' dir='ltr'>ad</span> <span class='ocrx_word' id='word_1_80' title='bbox 834 853 969 899; x_wconf 79' lang='lat' dir='ltr'>ignem,</span> <span class='ocrx_word' id='word_1_81' title='bbox 997 853 1059 898; x_wconf 91' lang='lat' dir='ltr'>qui</span> <span class='ocrx_word' id='word_1_82' title='bbox 1087 856 1140 888; x_wconf 86' lang='lat' dir='ltr'>est</span> <span class='ocrx_word' id='word_1_83' title='bbox 1167 863 1301 899; x_wconf 87' lang='lat' dir='ltr'>corpus</span> <span class='ocrx_word' id='word_1_84' title='bbox 1320 853 1463 899; x_wconf 81' lang='lat' dir='ltr'>subtile,</span> <span class='ocrx_word' id='word_1_85' title='bbox 1486 854 1694 900; x_wconf 80' lang='lat' dir='ltr'>spirituale3</span> 
     </span>
     <span class='ocr_line' id='line_1_12' title="bbox 522 912 1695 961; baseline 0.002 -14"><span class='ocrx_word' id='word_1_86' title='bbox 522 913 618 948; x_wconf 91' lang='lat' dir='ltr'>unde</span> <span class='ocrx_word' id='word_1_87' title='bbox 644 913 755 957; x_wconf 82' lang='lat' dir='ltr'>aliqui</span> <span class='ocrx_word' id='word_1_88' title='bbox 783 912 916 958; x_wconf 91' lang='lat' dir='ltr'>opinati</span> <span class='ocrx_word' id='word_1_89' title='bbox 936 916 1021 948; x_wconf 89' lang='lat' dir='ltr'>sunt</span> <span class='ocrx_word' id='word_1_90' title='bbox 1042 913 1203 948; x_wconf 90' lang='lat' dir='ltr'>animam</span> <span class='ocrx_word' id='word_1_91' title='bbox 1224 923 1303 948; x_wconf 84' lang='lat' dir='ltr'>esse</span> <span class='ocrx_word' id='word_1_92' title='bbox 1321 912 1455 960; x_wconf 81' lang='lat' dir='ltr'>ignem.</span> <span class='ocrx_word' id='word_1_93' title='bbox 1476 913 1567 949; x_wconf 86' lang='lat' dir='ltr'>Dicit</span> <span class='ocrx_word' id='word_1_94' title='bbox 1590 924 1695 961; x_wconf 83' lang='lat' dir='ltr'>ergo:</span> 
     </span>
     <span class='ocr_line' id='line_1_13' title="bbox 522 973 1692 1020; baseline 0.003 -13"><span class='ocrx_word' id='word_1_95' title='bbox 522 975 552 1007; x_wconf 91' lang='lat' dir='ltr'><em>E</em></span> <span class='ocrx_word' id='word_1_96' title='bbox 572 974 693 1018; x_wconf 78' lang='lat' dir='ltr'>forma</span> <span class='ocrx_word' id='word_1_97' title='bbox 720 975 868 1016; x_wconf 68' lang='lat' dir='ltr'>novella,</span> <span class='ocrx_word' id='word_1_98' title='bbox 896 983 1010 1018; x_wconf 91' lang='lat' dir='ltr'>quam</span> <span class='ocrx_word' id='word_1_99' title='bbox 1038 973 1153 1008; x_wconf 91' lang='lat' dir='ltr'>induit</span> <span class='ocrx_word' id='word_1_100' title='bbox 1183 973 1249 1008; x_wconf 86' lang='lat' dir='ltr'>sibi</span> <span class='ocrx_word' id='word_1_101' title='bbox 1276 973 1398 1009; x_wconf 87' lang='lat' dir='ltr'>anima</span> <span class='ocrx_word' id='word_1_102' title='bbox 1426 983 1471 1009; x_wconf 82' lang='lat' dir='ltr'>ex</span> <span class='ocrx_word' id='word_1_103' title='bbox 1502 974 1563 1009; x_wconf 92' lang='lat' dir='ltr'>illo</span> <span class='ocrx_word' id='word_1_104' title='bbox 1594 984 1692 1020; x_wconf 79' lang='lat' dir='ltr'>aere,</span> 
     </span>
     <span class='ocr_line' id='line_1_14' title="bbox 519 1032 1696 1078; baseline 0.003 -12"><span class='ocrx_word' id='word_1_105' title='bbox 519 1043 620 1076; x_wconf 71' lang='lat' dir='ltr'>seyne</span> <span class='ocrx_word' id='word_1_106' title='bbox 647 1034 716 1067; x_wconf 77' lang='lat' dir='ltr'>allo</span> <span class='ocrx_word' id='word_1_107' title='bbox 742 1035 864 1077; x_wconf 71' lang='lat' dir='ltr'>spe&#39;rito</span> <span class='ocrx_word' id='word_1_108' title='bbox 891 1043 966 1077; x_wconf 76' lang='lat' dir='ltr'>suo,</span> <span class='ocrx_word' id='word_1_109' title='bbox 988 1032 1090 1078; x_wconf 74' lang='lat' dir='ltr'>idest,</span> <span class='ocrx_word' id='word_1_110' title='bbox 1110 1033 1285 1077; x_wconf 76' lang='lat' dir='ltr'>animam,</span> <span class='ocrx_word' id='word_1_111' title='bbox 1304 1034 1521 1077; x_wconf 67' lang='lat' dir='ltr'>somzssylz&#39;ante</span> <span class='ocrx_word' id='word_1_112' title='bbox 1544 1035 1606 1078; x_wconf 76' lang='lat' dir='ltr'>poi</span> <span class='ocrx_word' id='word_1_113' title='bbox 1623 1036 1696 1070; x_wconf 82' lang='lat' dir='ltr'>alla</span> 
     </span>
     <span class='ocr_line' id='line_1_15' title="bbox 518 1093 1694 1139; baseline 0.003 -13"><span class='ocrx_word' id='word_1_114' title='bbox 518 1094 728 1137; x_wconf 70' lang='lat' dir='ltr'>fiammellcc5</span> <span class='ocrx_word' id='word_1_115' title='bbox 762 1098 815 1129; x_wconf 88' lang='lat' dir='ltr'>est</span> <span class='ocrx_word' id='word_1_116' title='bbox 850 1093 947 1128; x_wconf 91' lang='lat' dir='ltr'>enim</span> <span class='ocrx_word' id='word_1_117' title='bbox 984 1093 1132 1128; x_wconf 82' lang='lat' dir='ltr'>flamma</span> <span class='ocrx_word' id='word_1_118' title='bbox 1167 1093 1291 1128; x_wconf 85' lang='lat' dir='ltr'>sumus</span> <span class='ocrx_word' id='word_1_119' title='bbox 1322 1103 1498 1129; x_wconf 83' lang='lat' dir='ltr'>accensus</span> <span class='ocrx_word' id='word_1_120' title='bbox 1530 1094 1565 1129; x_wconf 95' lang='lat' dir='ltr'>in</span> <span class='ocrx_word' id='word_1_121' title='bbox 1596 1104 1694 1139; x_wconf 85' lang='lat' dir='ltr'>aere,</span> 
     </span>
     <span class='ocr_line' id='line_1_16' title="bbox 520 1148 1693 1199; baseline 0.001 -11"><span class='ocrx_word' id='word_1_122' title='bbox 520 1154 578 1187; x_wconf 62' lang='lat' dir='ltr'>elie</span> <span class='ocrx_word' id='word_1_123' title='bbox 604 1164 705 1197; x_wconf 71' lang='lat' dir='ltr'>seyne</span> <span class='ocrx_word' id='word_1_124' title='bbox 730 1155 757 1188; x_wconf 72' lang='lat' dir='ltr'>il</span> <span class='ocrx_word' id='word_1_125' title='bbox 777 1155 857 1199; x_wconf 86' lang='lat' dir='ltr'>foco</span> <span class='ocrx_word' id='word_1_126' title='bbox 889 1148 923 1188; x_wconf 81' lang='grc' dir='ltr'>ἰὰ</span> <span class='ocrx_word' id='word_1_127' title='bbox 950 1154 1094 1198; x_wconf 68' lang='lat' dir='ltr'>&#39;vimque</span> <span class='ocrx_word' id='word_1_128' title='bbox 1119 1155 1151 1188; x_wconf 74' lang='lat' dir='ltr'>si</span> <span class='ocrx_word' id='word_1_129' title='bbox 1177 1157 1283 1197; x_wconf 74' lang='lat' dir='ltr'>mula,</span> <span class='ocrx_word' id='word_1_130' title='bbox 1310 1154 1355 1189; x_wconf 89' lang='lat' dir='ltr'>de</span> <span class='ocrx_word' id='word_1_131' title='bbox 1382 1154 1461 1189; x_wconf 88' lang='lat' dir='ltr'>loco</span> <span class='ocrx_word' id='word_1_132' title='bbox 1487 1154 1531 1189; x_wconf 88' lang='lat' dir='ltr'>ad</span> <span class='ocrx_word' id='word_1_133' title='bbox 1559 1154 1693 1190; x_wconf 91' lang='lat' dir='ltr'>locum.</span> 
     </span>
     <span class='ocr_line' id='line_1_17' title="bbox 521 1213 1692 1260; baseline 0.001 -12"><span class='ocrx_word' id='word_1_134' title='bbox 521 1215 563 1249; x_wconf 83' lang='lat' dir='ltr'>Et</span> <span class='ocrx_word' id='word_1_135' title='bbox 590 1214 708 1249; x_wconf 84' lang='lat' dir='ltr'>subdit</span> <span class='ocrx_word' id='word_1_136' title='bbox 736 1224 874 1249; x_wconf 86' lang='lat' dir='ltr'>novum</span> <span class='ocrx_word' id='word_1_137' title='bbox 906 1223 1041 1249; x_wconf 89' lang='lat' dir='ltr'>nomen</span> <span class='ocrx_word' id='word_1_138' title='bbox 1073 1213 1170 1259; x_wconf 92' lang='lat' dir='ltr'>quod</span> <span class='ocrx_word' id='word_1_139' title='bbox 1203 1214 1359 1259; x_wconf 85' lang='lat' dir='ltr'>acquirit</span> <span class='ocrx_word' id='word_1_140' title='bbox 1390 1214 1524 1260; x_wconf 82' lang='lat' dir='ltr'>anima,</span> <span class='ocrx_word' id='word_1_141' title='bbox 1551 1214 1692 1250; x_wconf 87' lang='lat' dir='ltr'>dicens:</span> 
     </span>
     <span class='ocr_line' id='line_1_18' title="bbox 518 1271 1694 1319; baseline 0.001 -10"><span class='ocrx_word' id='word_1_142' title='bbox 518 1271 605 1319; x_wconf 65' lang='lat' dir='ltr'>perf)</span> <span class='ocrx_word' id='word_1_143' title='bbox 632 1275 690 1308; x_wconf 79' lang='lat' dir='ltr'>che</span> <span class='ocrx_word' id='word_1_144' title='bbox 723 1275 854 1318; x_wconf 72' lang='lat' dir='ltr'>quimle&#39;,</span> <span class='ocrx_word' id='word_1_145' title='bbox 891 1274 1036 1319; x_wconf 72' lang='lat' dir='ltr'>scilicet‚</span> <span class='ocrx_word' id='word_1_146' title='bbox 1068 1274 1115 1309; x_wconf 91' lang='lat' dir='ltr'>ab</span> <span class='ocrx_word' id='word_1_147' title='bbox 1154 1274 1212 1309; x_wconf 88' lang='lat' dir='ltr'>illa</span> <span class='ocrx_word' id='word_1_148' title='bbox 1240 1274 1369 1319; x_wconf 82' lang='lat' dir='ltr'>forma,</span> <span class='ocrx_word' id='word_1_149' title='bbox 1402 1275 1446 1309; x_wconf 80' lang='grc' dir='ltr'>Ιια</span> <span class='ocrx_word' id='word_1_150' title='bbox 1474 1276 1597 1319; x_wconf 78' lang='lat' dir='ltr'>poscia</span> <span class='ocrx_word' id='word_1_151' title='bbox 1629 1285 1694 1310; x_wconf 80' lang='lat' dir='ltr'>sua</span> 
     </span>
     <span class='ocr_line' id='line_1_19' title="bbox 518 1334 1695 1380; baseline 0.001 -11"><span class='ocrx_word' id='word_1_152' title='bbox 518 1340 661 1380; x_wconf 73' lang='lat' dir='ltr'>parma,</span> <span class='ocrx_word' id='word_1_153' title='bbox 690 1335 789 1379; x_wconf 61' lang='lat' dir='ltr'>idest„</span> <span class='ocrx_word' id='word_1_154' title='bbox 816 1334 1067 1380; x_wconf 86' lang='lat' dir='ltr'>apparentiam</span> <span class='ocrx_word' id='word_1_155' title='bbox 1095 1345 1270 1380; x_wconf 65' lang='lat' dir='ltr'>personae,</span> <span class='ocrx_word' id='word_1_156' title='bbox 1299 1335 1392 1370; x_wconf 87' lang='lat' dir='ltr'>sicut</span> <span class='ocrx_word' id='word_1_157' title='bbox 1418 1335 1548 1370; x_wconf 89' lang='lat' dir='ltr'>dicitur</span> <span class='ocrx_word' id='word_1_158' title='bbox 1568 1335 1611 1370; x_wconf 91' lang='lat' dir='ltr'>Vl</span> <span class='ocrx_word' id='word_1_159' title='bbox 1633 1345 1695 1370; x_wconf 89' lang='lat' dir='ltr'>ca-</span> 
     </span>
     <span class='ocr_line' id='line_1_20' title="bbox 521 1393 1694 1442; baseline -0.001 -12"><span class='ocrx_word' id='word_1_160' title='bbox 521 1395 632 1442; x_wconf 88' lang='lat' dir='ltr'>pitulo</span> <span class='ocrx_word' id='word_1_161' title='bbox 659 1395 803 1439; x_wconf 74' lang='lat' dir='ltr'>Inferni,</span> <span class='ocrx_word' id='word_1_162' title='bbox 832 1394 935 1439; x_wconf 88' lang='lat' dir='ltr'>quasi</span> <span class='ocrx_word' id='word_1_163' title='bbox 962 1394 1067 1439; x_wconf 77' lang='lat' dir='ltr'>dicat,</span> <span class='ocrx_word' id='word_1_164' title='bbox 1087 1394 1172 1440; x_wconf 90' lang='lat' dir='ltr'>quia</span> <span class='ocrx_word' id='word_1_165' title='bbox 1196 1395 1352 1430; x_wconf 87' lang='lat' dir='ltr'>efficitur</span> <span class='ocrx_word' id='word_1_166' title='bbox 1372 1395 1535 1440; x_wconf 77' lang='lat' dir='ltr'>visibilis3</span> <span class='ocrx_word' id='word_1_167' title='bbox 1555 1393 1574 1430; x_wconf 65' lang='lat' dir='ltr'>e*</span> <span class='ocrx_word' id='word_1_168' title='bbox 1598 1396 1694 1430; x_wconf 75' lang='lat' dir='ltr'>cleia-</span> 
     </span>
     <span class='ocr_line' id='line_1_21' title="bbox 521 1454 1693 1500; baseline 0.002 -11"><span class='ocrx_word' id='word_1_169' title='bbox 521 1459 616 1490; x_wconf 77' lang='lat' dir='ltr'>mala</span> <span class='ocrx_word' id='word_1_170' title='bbox 634 1455 780 1499; x_wconf 73' lang='lat' dir='ltr'>oml›ra;</span> <span class='ocrx_word' id='word_1_171' title='bbox 800 1464 882 1499; x_wconf 80' lang='lat' dir='ltr'>quae</span> <span class='ocrx_word' id='word_1_172' title='bbox 901 1465 922 1489; x_wconf 90' lang='lat' dir='ltr'>a</span> <span class='ocrx_word' id='word_1_173' title='bbox 942 1454 1116 1500; x_wconf 86' lang='lat' dir='ltr'>principio</span> <span class='ocrx_word' id='word_1_174' title='bbox 1136 1455 1203 1489; x_wconf 86' lang='lat' dir='ltr'>suit</span> <span class='ocrx_word' id='word_1_175' title='bbox 1222 1455 1391 1500; x_wconf 60' lang='lat' dir='ltr'>quaedam</span> <span class='ocrx_word' id='word_1_176' title='bbox 1413 1455 1544 1491; x_wconf 87' lang='lat' dir='ltr'>umbra</span> <span class='ocrx_word' id='word_1_177' title='bbox 1563 1455 1693 1491; x_wconf 87' lang='lat' dir='ltr'>divinae</span> 
     </span>
     <span class='ocr_line' id='line_1_22' title="bbox 520 1514 1693 1561; baseline 0.001 -12"><span class='ocrx_word' id='word_1_178' title='bbox 520 1515 609 1550; x_wconf 84' lang='lat' dir='ltr'>lucis</span> <span class='ocrx_word' id='word_1_179' title='bbox 638 1525 734 1549; x_wconf 91' lang='lat' dir='ltr'>nunc</span> <span class='ocrx_word' id='word_1_180' title='bbox 764 1514 857 1559; x_wconf 89' lang='lat' dir='ltr'>capit</span> <span class='ocrx_word' id='word_1_181' title='bbox 885 1514 1057 1549; x_wconf 83' lang='lat' dir='ltr'>umbram</span> <span class='ocrx_word' id='word_1_182' title='bbox 1085 1515 1248 1560; x_wconf 89' lang='lat' dir='ltr'>corporis</span> <span class='ocrx_word' id='word_1_183' title='bbox 1279 1518 1447 1561; x_wconf 84' lang='lat' dir='ltr'>separata</span> <span class='ocrx_word' id='word_1_184' title='bbox 1479 1525 1500 1550; x_wconf 93' lang='lat' dir='ltr'>a</span> <span class='ocrx_word' id='word_1_185' title='bbox 1527 1525 1693 1561; x_wconf 89' lang='lat' dir='ltr'>corpore.</span> 
     </span>
     <span class='ocr_line' id='line_1_23' title="bbox 520 1574 1695 1620; baseline 0.002 -11"><span class='ocrx_word' id='word_1_186' title='bbox 520 1574 602 1610; x_wconf 89' lang='lat' dir='ltr'>Ideo</span> <span class='ocrx_word' id='word_1_187' title='bbox 630 1574 777 1619; x_wconf 88' lang='lat' dir='ltr'>quidam</span> <span class='ocrx_word' id='word_1_188' title='bbox 807 1574 933 1609; x_wconf 85' lang='lat' dir='ltr'>volunt</span> <span class='ocrx_word' id='word_1_189' title='bbox 961 1574 1059 1619; x_wconf 89' lang='lat' dir='ltr'>quod</span> <span class='ocrx_word' id='word_1_190' title='bbox 1087 1574 1269 1620; x_wconf 86' lang='lat' dir='ltr'>passiones</span> <span class='ocrx_word' id='word_1_191' title='bbox 1302 1585 1500 1620; x_wconf 90' lang='lat' dir='ltr'>corporum</span> <span class='ocrx_word' id='word_1_192' title='bbox 1534 1586 1606 1611; x_wconf 91' lang='lat' dir='ltr'>non</span> <span class='ocrx_word' id='word_1_193' title='bbox 1635 1586 1695 1612; x_wconf 91' lang='lat' dir='ltr'>re-</span> 
     </span>
     <span class='ocr_line' id='line_1_24' title="bbox 520 1633 1695 1681; baseline 0.003 -13"><span class='ocrx_word' id='word_1_194' title='bbox 520 1637 668 1669; x_wconf 88' lang='lat' dir='ltr'>manent</span> <span class='ocrx_word' id='word_1_195' title='bbox 695 1634 730 1668; x_wconf 93' lang='lat' dir='ltr'>in</span> <span class='ocrx_word' id='word_1_196' title='bbox 757 1633 879 1669; x_wconf 89' lang='lat' dir='ltr'>anima</span> <span class='ocrx_word' id='word_1_197' title='bbox 906 1637 985 1679; x_wconf 91' lang='lat' dir='ltr'>post</span> <span class='ocrx_word' id='word_1_198' title='bbox 1013 1634 1273 1669; x_wconf 85' lang='lat' dir='ltr'>resolutionem</span> <span class='ocrx_word' id='word_1_199' title='bbox 1297 1635 1472 1680; x_wconf 77' lang='lat' dir='ltr'>corporis,</span> <span class='ocrx_word' id='word_1_200' title='bbox 1492 1635 1553 1670; x_wconf 86' lang='lat' dir='ltr'>sed</span> <span class='ocrx_word' id='word_1_201' title='bbox 1575 1636 1695 1681; x_wconf 91' lang='lat' dir='ltr'>potius</span> 
     </span>
     <span class='ocr_line' id='line_1_25' title="bbox 520 1693 1694 1737; baseline 0.001 -8"><span class='ocrx_word' id='word_1_202' title='bbox 520 1693 652 1729; x_wconf 86' lang='lat' dir='ltr'>similes</span> <span class='ocrx_word' id='word_1_203' title='bbox 680 1693 899 1737; x_wconf 60' lang='lat' dir='ltr'>illis,*sicut</span> <span class='ocrx_word' id='word_1_204' title='bbox 927 1693 961 1728; x_wconf 89' lang='lat' dir='ltr'>in</span> <span class='ocrx_word' id='word_1_205' title='bbox 988 1693 1127 1729; x_wconf 86' lang='lat' dir='ltr'>artifice</span> <span class='ocrx_word' id='word_1_206' title='bbox 1154 1697 1303 1729; x_wconf 85' lang='lat' dir='ltr'>carente</span> <span class='ocrx_word' id='word_1_207' title='bbox 1331 1694 1484 1729; x_wconf 87' lang='lat' dir='ltr'>materia</span> <span class='ocrx_word' id='word_1_208' title='bbox 1503 1697 1539 1730; x_wconf 92' lang='lat' dir='ltr'>et</span> <span class='ocrx_word' id='word_1_209' title='bbox 1558 1695 1694 1730; x_wconf 88' lang='lat' dir='ltr'>instru—</span> 
     </span>
     <span class='ocr_line' id='line_1_26' title="bbox 520 1751 1693 1801; baseline 0.003 -13"><span class='ocrx_word' id='word_1_210' title='bbox 520 1753 651 1789; x_wconf 84' lang='lat' dir='ltr'>mentis</span> <span class='ocrx_word' id='word_1_211' title='bbox 678 1757 827 1789; x_wconf 84' lang='lat' dir='ltr'>manent</span> <span class='ocrx_word' id='word_1_212' title='bbox 854 1753 998 1788; x_wconf 88' lang='lat' dir='ltr'>habitus</span> <span class='ocrx_word' id='word_1_213' title='bbox 1024 1757 1060 1789; x_wconf 94' lang='lat' dir='ltr'>et</span> <span class='ocrx_word' id='word_1_214' title='bbox 1087 1753 1215 1789; x_wconf 78' lang='lat' dir='ltr'>formae</span> <span class='ocrx_word' id='word_1_215' title='bbox 1247 1754 1381 1790; x_wconf 90' lang='lat' dir='ltr'>similes</span> <span class='ocrx_word' id='word_1_216' title='bbox 1415 1751 1578 1800; x_wconf 70' lang='lat' dir='ltr'>illis*(¹)‚</span> <span class='ocrx_word' id='word_1_217' title='bbox 1610 1765 1693 1801; x_wconf 86' lang='lat' dir='ltr'>quae</span> 
     </span>
     <span class='ocr_line' id='line_1_27' title="bbox 521 1813 1690 1859; baseline 0.002 -11"><span class='ocrx_word' id='word_1_218' title='bbox 521 1824 584 1859; x_wconf 91' lang='lat' dir='ltr'>per</span> <span class='ocrx_word' id='word_1_219' title='bbox 603 1813 846 1849; x_wconf 86' lang='lat' dir='ltr'>instrumenta</span> <span class='ocrx_word' id='word_1_220' title='bbox 866 1817 1087 1849; x_wconf 80' lang='lat' dir='ltr'>exercentur</span> <span class='ocrx_word' id='word_1_221' title='bbox 1106 1817 1141 1849; x_wconf 90' lang='lat' dir='ltr'>et</span> <span class='ocrx_word' id='word_1_222' title='bbox 1160 1814 1195 1849; x_wconf 91' lang='lat' dir='ltr'>in</span> <span class='ocrx_word' id='word_1_223' title='bbox 1215 1814 1407 1851; x_wconf 86' lang='lat' dir='ltr'>materiam</span> <span class='ocrx_word' id='word_1_224' title='bbox 1433 1814 1690 1851; x_wconf 85' lang='lat' dir='ltr'>traducuntur.</span> 
     </span>
     <span class='ocr_line' id='line_1_28' title="bbox 520 1873 1694 1921; baseline 0.003 -13"><span class='ocrx_word' id='word_1_225' title='bbox 520 1874 612 1909; x_wconf 90' lang='lat' dir='ltr'>Cum</span> <span class='ocrx_word' id='word_1_226' title='bbox 640 1873 736 1908; x_wconf 89' lang='lat' dir='ltr'>enim</span> <span class='ocrx_word' id='word_1_227' title='bbox 764 1873 887 1909; x_wconf 90' lang='lat' dir='ltr'>anima</span> <span class='ocrx_word' id='word_1_228' title='bbox 914 1874 1130 1909; x_wconf 84' lang='lat' dir='ltr'>naturaliter</span> <span class='ocrx_word' id='word_1_229' title='bbox 1161 1874 1204 1909; x_wconf 90' lang='lat' dir='ltr'>sit</span> <span class='ocrx_word' id='word_1_230' title='bbox 1231 1874 1404 1920; x_wconf 84' lang='lat' dir='ltr'>perfectio</span> <span class='ocrx_word' id='word_1_231' title='bbox 1431 1875 1604 1921; x_wconf 86' lang='lat' dir='ltr'>corporis,</span> <span class='ocrx_word' id='word_1_232' title='bbox 1633 1885 1694 1912; x_wconf 87' lang='lat' dir='ltr'>re-</span> 
     </span>
     <span class='ocr_line' id='line_1_29' title="bbox 520 1932 1693 1980; baseline 0.003 -13"><span class='ocrx_word' id='word_1_233' title='bbox 520 1936 669 1968; x_wconf 87' lang='lat' dir='ltr'>manent</span> <span class='ocrx_word' id='word_1_234' title='bbox 696 1933 731 1967; x_wconf 93' lang='lat' dir='ltr'>in</span> <span class='ocrx_word' id='word_1_235' title='bbox 757 1942 801 1968; x_wconf 87' lang='lat' dir='ltr'>ea</span> <span class='ocrx_word' id='word_1_236' title='bbox 828 1936 864 1968; x_wconf 89' lang='lat' dir='ltr'>et</span> <span class='ocrx_word' id='word_1_237' title='bbox 890 1932 926 1968; x_wconf 91' lang='lat' dir='ltr'>in</span> <span class='ocrx_word' id='word_1_238' title='bbox 952 1933 1120 1979; x_wconf 87' lang='lat' dir='ltr'>potentiis</span> <span class='ocrx_word' id='word_1_239' title='bbox 1154 1934 1232 1969; x_wconf 90' lang='lat' dir='ltr'>eius</span> <span class='ocrx_word' id='word_1_240' title='bbox 1266 1934 1410 1969; x_wconf 88' lang='lat' dir='ltr'>habitus</span> <span class='ocrx_word' id='word_1_241' title='bbox 1443 1938 1478 1970; x_wconf 86' lang='lat' dir='ltr'>et</span> <span class='ocrx_word' id='word_1_242' title='bbox 1508 1935 1693 1980; x_wconf 85' lang='lat' dir='ltr'>passiones</span> 
     </span>
     <span class='ocr_line' id='line_1_30' title="bbox 520 1992 1691 2039; baseline 0.003 -13"><span class='ocrx_word' id='word_1_243' title='bbox 520 1992 732 2028; x_wconf 85' lang='lat' dir='ltr'>inclinantes</span> <span class='ocrx_word' id='word_1_244' title='bbox 758 1992 802 2027; x_wconf 89' lang='lat' dir='ltr'>ad</span> <span class='ocrx_word' id='word_1_245' title='bbox 831 1996 952 2028; x_wconf 89' lang='lat' dir='ltr'>motus</span> <span class='ocrx_word' id='word_1_246' title='bbox 979 1993 1154 2039; x_wconf 83' lang='lat' dir='ltr'>corporis,</span> <span class='ocrx_word' id='word_1_247' title='bbox 1182 1994 1275 2029; x_wconf 88' lang='lat' dir='ltr'>sicut</span> <span class='ocrx_word' id='word_1_248' title='bbox 1302 1997 1493 2029; x_wconf 83' lang='lat' dir='ltr'>remanent</span> <span class='ocrx_word' id='word_1_249' title='bbox 1519 1994 1554 2029; x_wconf 92' lang='lat' dir='ltr'>in</span> <span class='ocrx_word' id='word_1_250' title='bbox 1581 1998 1691 2030; x_wconf 88' lang='lat' dir='ltr'>nauta</span> 
     </span>
     <span class='ocr_line' id='line_1_31' title="bbox 520 2051 1693 2099; baseline 0.004 -14"><span class='ocrx_word' id='word_1_251' title='bbox 520 2051 796 2098; x_wconf 80' lang='lat' dir='ltr'>imaginationes</span> <span class='ocrx_word' id='word_1_252' title='bbox 827 2052 928 2087; x_wconf 69' lang='lat' dir='ltr'>navis</span> <span class='ocrx_word' id='word_1_253' title='bbox 955 2056 1147 2098; x_wconf 88' lang='lat' dir='ltr'>postquam</span> <span class='ocrx_word' id='word_1_254' title='bbox 1176 2064 1196 2088; x_wconf 88' lang='lat' dir='ltr'>a</span> <span class='ocrx_word' id='word_1_255' title='bbox 1224 2053 1306 2088; x_wconf 68' lang='lat' dir='ltr'>navi</span> <span class='ocrx_word' id='word_1_256' title='bbox 1334 2057 1535 2099; x_wconf 83' lang='lat' dir='ltr'>separatur.</span> <span class='ocrx_word' id='word_1_257' title='bbox 1566 2055 1609 2090; x_wconf 91' lang='lat' dir='ltr'>Et</span> <span class='ocrx_word' id='word_1_258' title='bbox 1638 2054 1693 2090; x_wconf 90' lang='lat' dir='ltr'>di-</span> 
     </span>
     <span class='ocr_line' id='line_1_32' title="bbox 518 2111 1692 2161; baseline 0.003 -15"><span class='ocrx_word' id='word_1_259' title='bbox 518 2111 588 2146; x_wconf 92' lang='lat' dir='ltr'>cit:</span> <span class='ocrx_word' id='word_1_260' title='bbox 616 2122 634 2144; x_wconf 86' lang='lat' dir='ltr'>e</span> <span class='ocrx_word' id='word_1_261' title='bbox 667 2113 798 2155; x_wconf 71' lang='lat' dir='ltr'>quindi,</span> <span class='ocrx_word' id='word_1_262' title='bbox 829 2112 974 2158; x_wconf 80' lang='lat' dir='ltr'>scilicet,</span> <span class='ocrx_word' id='word_1_263' title='bbox 1002 2113 1071 2148; x_wconf 90' lang='lat' dir='ltr'>sub</span> <span class='ocrx_word' id='word_1_264' title='bbox 1098 2113 1156 2148; x_wconf 87' lang='lat' dir='ltr'>illa</span> <span class='ocrx_word' id='word_1_265' title='bbox 1185 2113 1302 2149; x_wconf 86' lang='lat' dir='ltr'>forma</span> <span class='ocrx_word' id='word_1_266' title='bbox 1334 2123 1444 2149; x_wconf 85' lang='lat' dir='ltr'>aerea</span> <span class='ocrx_word' id='word_1_267' title='bbox 1473 2114 1530 2149; x_wconf 87' lang='lat' dir='ltr'>illa</span> <span class='ocrx_word' id='word_1_268' title='bbox 1558 2114 1692 2161; x_wconf 78' lang='lat' dir='ltr'>anima,</span> 
     </span>
     <span class='ocr_line' id='line_1_33' title="bbox 517 2171 1690 2221; baseline 0.004 -16"><span class='ocrx_word' id='word_1_269' title='bbox 517 2182 658 2214; x_wconf 68' lang='lat' dir='ltr'>orycma</span> <span class='ocrx_word' id='word_1_270' title='bbox 682 2173 754 2215; x_wconf 73' lang='lat' dir='ltr'>poi,</span> <span class='ocrx_word' id='word_1_271' title='bbox 783 2171 884 2216; x_wconf 78' lang='lat' dir='ltr'>idest,</span> <span class='ocrx_word' id='word_1_272' title='bbox 912 2173 1101 2219; x_wconf 78' lang='lat' dir='ltr'>organizat</span> <span class='ocrx_word' id='word_1_273' title='bbox 1119 2177 1254 2219; x_wconf 80' lang='lat' dir='ltr'>postca,</span> <span class='ocrx_word' id='word_1_274' title='bbox 1274 2175 1411 2208; x_wconf 75' lang='lat' dir='ltr'>ciascun</span> <span class='ocrx_word' id='word_1_275' title='bbox 1431 2175 1570 2218; x_wconf 78' lang='lat' dir='ltr'>sentire,</span> <span class='ocrx_word' id='word_1_276' title='bbox 1590 2174 1690 2221; x_wconf 88' lang='lat' dir='ltr'>idest,</span> 
     </span>
    </p>
   </div>
   <div class='ocr_carea' id='block_1_3' title="bbox 529 2254 1175 2258">
    <p class='ocr_par' dir='ltr' id='par_1_3' title="bbox 529 2254 1175 2258">
     <span class='ocr_line' id='line_1_34' title="bbox 529 2254 1175 2258; baseline 0 0"><span class='ocrx_word' id='word_1_277' title='bbox 529 2254 1175 2258; x_wconf 95' lang='lat' dir='ltr'> </span> 
     </span>
    </p>
   </div>
   <div class='ocr_carea' id='block_1_4' title="bbox 578 2301 1632 2333">
    <p class='ocr_par' dir='ltr' id='par_1_4' title="bbox 578 2301 1632 2333">
     <span class='ocr_line' id='line_1_35' title="bbox 578 2301 1632 2333; baseline 0.003 -9"><span class='ocrx_word' id='word_1_278' title='bbox 578 2301 604 2330; x_wconf 84' lang='lat'>(¹)</span> <span class='ocrx_word' id='word_1_279' title='bbox 622 2301 656 2325; x_wconf 78' lang='lat' dir='ltr'>Le</span> <span class='ocrx_word' id='word_1_280' title='bbox 675 2301 762 2331; x_wconf 86' lang='lat' dir='ltr'>parole</span> <span class='ocrx_word' id='word_1_281' title='bbox 780 2301 817 2325; x_wconf 78' lang='lat' dir='ltr'>fra</span> <span class='ocrx_word' id='word_1_282' title='bbox 836 2302 843 2324; x_wconf 93' lang='lat' dir='ltr'>i</span> <span class='ocrx_word' id='word_1_283' title='bbox 861 2301 910 2325; x_wconf 84' lang='lat' dir='ltr'>due</span> <span class='ocrx_word' id='word_1_284' title='bbox 928 2302 1058 2326; x_wconf 81' lang='lat' dir='ltr'>asterischi</span> <span class='ocrx_word' id='word_1_285' title='bbox 1076 2309 1121 2326; x_wconf 80' lang='lat' dir='ltr'>son</span> <span class='ocrx_word' id='word_1_286' title='bbox 1139 2303 1248 2333; x_wconf 81' lang='lat' dir='ltr'>supplite</span> <span class='ocrx_word' id='word_1_287' title='bbox 1266 2304 1305 2327; x_wconf 86' lang='lat' dir='ltr'>dai</span> <span class='ocrx_word' id='word_1_288' title='bbox 1323 2303 1407 2327; x_wconf 85' lang='lat' dir='ltr'>Codici</span> <span class='ocrx_word' id='word_1_289' title='bbox 1426 2303 1531 2327; x_wconf 80' lang='lat' dir='ltr'>Estense</span> <span class='ocrx_word' id='word_1_290' title='bbox 1548 2310 1562 2327; x_wconf 87' lang='lat' dir='ltr'>e</span> <span class='ocrx_word' id='word_1_291' title='bbox 1580 2305 1632 2327; x_wconf 87' lang='lat'>117.</span> 
     </span>
    </p>
   </div>
  </div>
 </body>
</html>
