1766 2856
488 254 559 286 442
881 255 1085 282 COMENTUM
1112 255 1278 280 PARADlffl

485 333 607 369 omnia
636 340 868 373 succurrens,
888 328 1030 373 equites
1049 338 1135 363 suos
1161 327 1207 363 ad
1234 328 1303 363 hoc
1326 327 1520 373 deputatos
1542 327 1665 362 immi-

485 394 540 438 sit,
567 392 697 428 deinde
723 390 818 426 acies
846 389 1007 435 peditum
1036 388 1254 434 conglobata
1288 387 1388 422 velut
1421 397 1550 422 murus
1578 387 1665 423 ferri

486 456 642 498 sequuta
670 454 748 495 est;
776 454 812 486 et
839 449 927 485 levis
960 452 1152 484 armatura
1188 448 1350 494 Pompeii
1387 447 1538 484 faciliter
1570 448 1667 484 dedit

486 518 606 560 terga:
636 516 671 548 et
697 511 781 547 dicit
808 510 993 555 Horosius,
1014 509 1111 555 quod
1140 509 1261 545 Caesar
1289 509 1323 543 in
1351 509 1507 544 mirabili
1531 509 1667 545 virtute

485 584 751 622 germanorum
781 573 874 607 lianc
902 570 1091 606 victoriam
1121 569 1287 605 obtinuit.
1316 569 1512 615 Pompeius
1538 573 1664 606 autem

487 635 562 671 visa
582 635 666 681 fuga
683 643 836 669 suorum
854 632 943 679 fugit
962 643 981 667 a
1002 631 1132 677 proelio
1152 641 1197 666 ne
1215 641 1341 666 secum
1363 634 1461 665 totus
1480 630 1667 666 exercitus

487 698 717 731 moreretur:
747 703 821 739 quo
850 695 993 728 remoto
1021 691 1144 726 nullus
1171 691 1207 726 in
1233 691 1312 726 acie
1344 691 1452 736 stetit,
1481 694 1516 726 et
1543 690 1665 726 Caesar

487 756 547 802 qui
576 754 749 801 principio
770 753 849 788 belli
873 753 1116 788 clamaverat:
1146 751 1248 787 miles
1276 751 1405 787 faciem
1430 751 1517 796 seri;
1537 751 1572 786 in
1596 750 1668 786 fine

486 815 676 852 clamaxit:
705 814 841 860 parcite
868 813 1019 857 civibus,
1047 823 1132 848 cum
1162 812 1240 848 illos
1268 816 1594 858 persequerentur,
1626 816 1667 847 ut

486 877 534 912 ait
556 876 694 910 Florus.
724 875 774 909 Ex
804 874 1009 920 legionibus
1031 877 1066 909 et
1089 873 1254 918 equitatu
1276 873 1439 919 Pompeii
1458 872 1666 918 quindecim

487 936 595 971 millia
621 935 827 981 perierunt3
848 934 1126 970 innumerabilis
1145 933 1213 968 suit
1235 937 1377 980 strages
1398 933 1555 969 aliarum
1575 944 1667 979 gen-

487 996 575 1031 tium
594 999 629 1031 et
644 995 866 1030 auxiliorum
884 1005 968 1040 quae
985 998 1060 1030 toto
1074 991 1108 1038 ς’)
1127 994 1269 1030 oriente
1289 998 1557 1030 convenerant:
1575 1005 1667 1029 nun-

487 1067 597 1102 quam
628 1057 663 1091 in
686 1066 760 1091 uno
780 1066 910 1101 campo
932 1059 1074 1090 tantum
1096 1055 1230 1090 virium
1252 1065 1493 1090 romanarum
1519 1054 1669 1090 fortuna

487 1117 678 1152 contraxit.
707 1117 797 1151 Nam
828 1119 868 1150 ut
895 1115 1019 1151 scribit
1039 1115 1180 1159 Florus,
1200 1118 1363 1151 tercenta
1385 1115 1493 1150 millia
1514 1115 1668 1151 bellato-

488 1189 569 1213 rum
594 1178 675 1213 hinc
696 1177 778 1211 inde
800 1179 933 1222 praeter
955 1176 1090 1211 auxilia
1116 1186 1246 1222 regum
1270 1180 1305 1211 et
1326 1179 1494 1211 senatus:
1518 1176 1667 1211 suerunt

489 1238 656 1274 undecim
686 1237 847 1284 legiones
884 1247 928 1272 ex
967 1241 1071 1282 parte
1102 1236 1265 1281 Caesaris,
1293 1247 1339 1272 ex
1376 1240 1478 1282 parte
1505 1236 1665 1282 Pompeii

487 1299 613 1334 decem
643 1302 679 1334 et
706 1301 800 1343 octo⁷
828 1298 892 1332 ssos
920 1301 955 1333 et
984 1297 1099 1332 robur
1122 1297 1229 1332 italici
1252 1297 1449 1343 sanguinis.
1471 1296 1666 1342 Pompeius

486 1363 610 1395 autem
628 1359 770 1405 fugiens
788 1368 860 1393 uno
878 1368 975 1403 equo
991 1368 1055 1404 per
1072 1361 1268 1401 terram,et
1284 1368 1355 1392 una
1374 1357 1455 1392 navi
1473 1367 1537 1402 per
1552 1366 1667 1401 mare,

487 1423 631 1465 recepta
656 1429 773 1454 uxore
794 1422 873 1464 post
895 1418 1196 1454 deliberationem
1218 1417 1384 1463 pervenit
1403 1418 1438 1453 in
1454 1417 1667 1464 AEgyptum,

488 1479 547 1514 ubi
576 1479 887 1524 Pt‹›10n1aeus,cui
918 1478 1114 1524 Pompeius
1141 1481 1240 1513 tutor
1268 1489 1289 1514 a
1317 1482 1445 1514 senatu
1474 1478 1580 1513 (latus
1610 1487 1668 1513 re-

485 1551 598 1586 gnum
630 1540 782 1575 fideliter
811 1542 1037 1583 servaverat,
1061 1538 1183 1573 habito
1203 1539 1353 1573 consilio
1380 1549 1536 1574 suorum
1566 1538 1665 1573 illum

487 1600 637 1635 interfici
667 1600 759 1644 fecit,
789 1603 825 1635 et
852 1609 1007 1645 corpore
1041 1599 1076 1633 in
1110 1599 1224 1633 undas
1256 1599 1398 1634 abiecto
1432 1603 1541 1645 caput
1572 1599 1669 1635 dono

485 1660 617 1695 Caesari
647 1663 876 1695 reservatum
898 1663 961 1695 est.
984 1659 1026 1694 Et
1044 1659 1165 1694 Caesar
1184 1669 1269 1694 cum
1293 1659 1416 1704 paucis
1436 1659 1550 1695 fidens
1570 1660 1666 1695 fama

485 1719 541 1754 sui
570 1719 735 1764 nominis‚
764 1730 846 1764 quae
876 1730 947 1754 non
976 1719 1096 1753 minus
1116 1729 1183 1753 suo
1205 1719 1349 1754 valebat
1377 1719 1555 1763 exercitu,
1583 1720 1666 1755 Ale-

487 1779 675 1814 xandriam
714 1779 896 1825 pervenit7
934 1779 994 1814 ubi
1031 1779 1095 1814 fuit
1131 1778 1234 1824 qnasi
1270 1779 1305 1813 in
1341 1779 1470 1814 maiori
1505 1779 1669 1825 periculo

486 1851 597 1885 quam
627 1851 803 1885 unquam.
833 1841 923 1875 Nam
945 1839 1099 1875 Achillas
1121 1839 1396 1875 crudelissimus
1425 1840 1556 1875 hausto
1583 1851 1667 1875 san—

485 1900 596 1946 guine
624 1900 783 1946 Pompeii
807 1900 930 1936 ebrius
950 1900 1167 1946 sangninem
1190 1900 1342 1935 Caesaris
1362 1900 1516 1945 sitiebat,
1537 1900 1667 1946 praefe-

486 1965 566 1997 ctus
588 1961 682 2007 regis
702 1972 785 1996 cum
807 1961 932 2007 viginti
954 1961 1111 1995 millibus
1126 1964 1357 1996 armatorum
1378 1961 1514 1996 bellum
1533 1961 1666 1997 movit:

485 2026 519 2057 et
539 2021 660 2057 Caesar
681 2021 745 2056 nisi
768 2021 952 2056 habuisset
969 2021 1211 2056 Ptolomaeum
1232 2032 1357 2057 secum
1375 2021 1467 2056 sorte
1488 2032 1559 2056 non
1578 2032 1666 2057 eva—

485 2083 597 2117 sisset.
622 2083 690 2117 sod
715 2082 934 2117 Ptolomaeus
953 2082 1123 2117 dimissus
1141 2092 1162 2117 a
1182 2082 1326 2117 Caesare
1346 2081 1548 2127 improvide
1571 2082 1668 2117 venit

485 2153 569 2178 cnm
598 2143 675 2177 aliis
702 2146 829 2178 contra
858 2153 956 2178 eum.
985 2142 1106 2184 Caesar
1142 2142 1329 2188 repentina
1365 2141 1550 2177 invasione
1584 2152 1668 2188 per-

485 2212 614 2237 cussus
633 2203 752 2238 subito
772 2203 918 2238 intravit
938 2202 1166 2247 naviculam3
1182 2202 1243 2237 sed
1264 2202 1456 2238 demersus
1477 2202 1511 2237 in
1529 2213 1665 2248 aquam

549 2330 575 2359 (¹)
594 2330 622 2353 E.
642 2333 696 2354 toto
714 2331 744 2353 ab
762 2331 868 2354 oriente.
