1737 2836
470 236 607 263 CANTUS
634 237 827 263 SECUNDUS.
1166 230 1234 262 343

57 313 166 346 natur
193 320 215 345 a
241 310 326 346 sole.
354 310 438 346 Ideo
465 310 559 346 bene
586 309 688 356 fingit
714 313 821 356 poeta
848 320 887 345 se
914 309 1046 345 vidisse
1065 319 1145 345 rem
1166 309 1235 344 mi-

58 370 210 406 rabilem
251 370 286 405 in
326 370 443 416 prima
482 380 598 416 spera.
642 370 685 405 Et
725 370 822 405 addit
861 369 1047 415 quomodo
1089 370 1236 407 Beatrix

59 430 343 466 manifestaverit
370 430 436 465 sibi
464 430 556 465 hanc
585 440 665 465 rem
693 430 911 475 mirabilem,
939 430 1077 466 dicens:
1105 441 1123 465 e
1150 427 1238 476 pero

57 492 183 535 quella,
216 491 360 536 scilicet,
395 490 553 535 Beatrix,
585 492 640 525 cui
673 501 743 525 non
778 494 882 535 polea
915 492 986 525 mia
1022 502 1108 526 cura
1144 503 1239 527 esser

56 561 195 595 ascosa,
223 551 320 597 quia,
349 551 494 596 scilicet,
527 551 770 598 cognoscebat
804 561 864 586 me
896 551 1068 597 ignorare
1101 555 1137 588 et
1169 552 1239 588 mi-

57 611 142 656 rari,
171 621 254 656 quae
282 622 340 647 res
368 615 462 647 esset
489 611 567 656 ista,
595 613 688 646 volta
717 609 776 646 vest·
802 622 867 655 me,
891 611 953 646 ubi
975 612 1094 657 primo
1123 613 1238 659 respi-

57 671 177 707 ciebat
204 682 333 707 versus
360 672 510 717 coelum,
536 668 565 707 εὶ
591 673 670 707 {ieta
696 682 791 706 come
818 672 919 715 bella,
946 672 991 708 de
1018 673 1074 707 sui
1102 677 1234 709 natura

59 732 284 779 pulcerrima
311 736 402 777 erat,
422 736 457 767 et
478 732 735 779 gratulabatur
762 743 873 778 super
892 733 1061 769 felicitate
1084 734 1237 779 autoris,

58 793 120 839 qui
158 792 349 838 incipiebat
388 792 527 828 intrare
563 802 718 839 regnum
754 792 1014 839 desideratum,
1052 795 1099 828 mi
1132 795 1236 838 disse,

56 855 184 889 ἁνίκα
212 855 247 888 Ia
274 857 382 888 monle
408 856 515 897 yram
541 855 577 888 in
604 855 685 895 Dic),
719 853 822 898 quasi
849 853 963 888 dicat:
986 857 1091 900 grata
1114 858 1237 890 mente

57 914 261 961 regratiare
288 914 364 949 Deo
391 913 454 958 qui
482 913 564 949 fecit
598 913 660 948 tibi
694 917 831 948 tantam
863 913 1033 960 gratiam,
1061 915 1119 948 elce
1144 916 1238 949 η’]ια

57 976 234 1019 conyizmlae'
259 984 322 1009 con
352 975 386 1008 la
410 975 530 1018 prima
556 975 666 1017 stella,
695 973 840 1019 scilicet,
869 974 955 1009 luna
973 971 1238 1018 (¹).-Pareva

60 1046 164 1070 ame.
194 1035 257 1070 Hic
283 1038 392 1070 autor
419 1034 589 1070 describit
608 1034 727 1080 ipsum
747 1044 880 1080 corpus
908 1035 1004 1069 lunae
1033 1035 1236 1071 secundum

57 1095 309 1141 apparentiam
337 1104 402 1140 per
430 1094 741 1140 comparationem
771 1095 1069 1141 propriissimam,
1098 1095 1237 1131 dicens:

61 1158 203 1190 Parem
222 1165 244 1189 a
258 1165 310 1189 me
325 1155 384 1189 clze
397 1155 483 1189 mehe
497 1165 539 1189 ne
553 1156 718 1199 coprisse,
734 1155 828 1190 hene
846 1156 1002 1201 appellat
1024 1156 1149 1191 lunam
1170 1167 1239 1191 nu—

57 1215 156 1260 bem,
181 1224 265 1260 quae
292 1214 402 1250 habet
428 1215 464 1249 in
492 1224 530 1250 se
558 1215 694 1250 nubem
723 1218 759 1250 et
787 1215 971 1260 umbram,
999 1217 1127 1260 lucida,
1151 1217 1237 1262 quia

60 1274 187 1320 recipit
213 1275 340 1310 lumen
367 1285 388 1310 a
416 1274 502 1319 sole,
530 1285 662 1319 spessa,
693 1274 778 1320 quia
811 1275 921 1311 babet
952 1276 987 1310 in
1021 1286 1060 1312 se
1093 1279 1235 1322 partem

57 1334 220 1380 densam,
250 1337 290 1369 ut
317 1334 437 1370 statim
465 1334 618 1380 dicetur,
654 1337 781 1380 solida,
812 1335 910 1371 unde
938 1336 1026 1372 radii
1053 1337 1136 1372 solis
1164 1347 1236 1373 non

58 1398 251 1441 penetrant
278 1405 343 1441 per
371 1398 489 1430 totum
510 1405 643 1440 corpus
662 1395 752 1440 eius,
778 1406 795 1430 e
812 1397 935 1441 polita,
957 1407 979 1432 a
1001 1397 1119 1442 simili,
1140 1399 1240 1442 quast

60 1457 249 1490 adamante
276 1456 334 1490 che
353 1457 386 1489 lo
405 1457 459 1490 sol
472 1457 606 1500 ferz'sse.
635 1456 677 1490 Et
705 1455 761 1491 hic
789 1460 873 1492 nota
893 1457 998 1502 bene,
1019 1458 1116 1503 quod
1136 1468 1238 1494 com—

58 1516 199 1562 paratio
227 1519 280 1551 est
308 1515 444 1562 optima
471 1515 515 1551 de
542 1516 737 1551 adamante
759 1517 804 1552 ad
831 1517 956 1552 lunam
985 1517 1020 1552 in
1048 1519 1182 1564 colore,
1203 1519 1239 1554 in

58 1576 206 1621 virtute,
234 1576 268 1611 in
297 1576 457 1622 potentia
485 1576 652 1611 mirabili.
682 1576 743 1611 Est
769 1577 866 1612 enim
895 1577 1045 1613 adamas
1063 1579 1151 1625 lapis
1170 1579 1239 1614 du-

58 1636 224 1671 rissimus
251 1645 385 1682 parum
407 1636 578 1682 crystallo
600 1636 804 1683 obscurior,
824 1637 956 1673 coloris
977 1641 1099 1674 tamen
1128 1639 1237 1674 lucidi

58 1696 246 1743 fulgentis:
267 1695 329 1741 qui
356 1696 445 1741 lapis
472 1699 639 1742 penetrat
667 1696 808 1732 ferrum
828 1701 864 1732 et
886 1701 1037 1733 caeteras
1057 1709 1237 1745 gemmas,

59 1760 96 1793 et
122 1760 176 1792 est
204 1756 355 1791 modicae
383 1756 605 1801 quantitatis,
625 1756 673 1792 ita
693 1760 734 1792 ut
761 1768 833 1793 non
861 1758 1030 1794 videatur
1057 1759 1238 1795 excedere

60 1816 302 1862 quantitatem
323 1816 517 1861 avellanae,
545 1819 580 1851 et
607 1816 704 1861 quod
731 1817 898 1853 mirabile
922 1821 987 1863 est,
1011 1818 1039 1853 si
1059 1829 1238 1865 superpo—

60 1877 158 1912 nitur
175 1872 210 1920 (ἲ)
228 1876 387 1921 magneti
408 1875 493 1922 ligat
513 1881 735 1923 magnetem,
751 1880 786 1912 et
802 1887 874 1912 non
894 1878 1070 1924 permittit
1090 1880 1238 1915 trahere

60 1937 213 1973 ferrum.
229 1938 361 1970 —Per
387 1939 497 1970 entra.
518 1936 581 1971 Hic
609 1939 715 1982 poeta
742 1937 898 1972 ostendit
925 1948 990 1983 per
1017 1948 1129 1983 quem
1159 1949 1239 1974 mo-

60 1997 149 2032 dum
178 1995 325 2031 intravit
352 2005 485 2041 corpus
512 1995 626 2040 lunae3
655 1999 691 2031 et
720 1996 795 2032 vult
818 1996 980 2032 breviter
999 1997 1121 2033 dicere
1139 1999 1239 2043 quod

61 2057 139 2092 sine
170 2055 329 2101 laesione,
358 2055 435 2091 sine
467 2055 653 2100 fractione,
688 2066 753 2101 per
785 2066 896 2091 unam
925 2058 1239 2103 comparationem

61 2118 211 2162 claram,
239 2126 322 2162 quae
349 2116 394 2152 de
421 2126 459 2151 se
486 2119 594 2162 patet.
623 2115 725 2151 Unde
756 2115 860 2151 dicit:
890 2118 1059 2152 [ὀίω-πα
1091 2129 1241 2163 mco-ya-

62 2179 145 2221 rita,
174 2176 273 2221 idest,
303 2177 399 2221 luna,
429 2186 512 2221 quae
545 2186 617 2211 non
645 2176 826 2223 frangitur
859 2177 950 2212 sicut
979 2181 1111 2213 nostrae
1140 2189 1241 2215 mar—

125 2306 152 2335 (2)
169 2305 198 2329 E.
217 2305 277 2328 luna
295 2305 395 2335 ipsa.—
406 2306 552 2329 Paret-ami.
758 2305 784 2337 (²)
802 2307 831 2330 E.
850 2308 1010 2338 supponitur.
