1766 2856
493 261 562 293 390
889 266 1094 291 COMENTUM
1122 265 1288 290 PARADISI

489 351 511 376 a
539 339 619 375 fide.
648 339 689 373 Et
717 348 802 374 ecce
830 337 1036 382 quomodo:
1066 337 1163 383 quia,
1180 340 1279 383 jorse
1305 348 1369 372 suo
1391 349 1490 384 arco,
1513 339 1614 384 idest,
1634 349 1674 374 os

490 399 659 443 Platonis,
675 398 772 444 quod
792 398 925 434 emittit
943 408 1152 434 sermonem
1174 409 1283 433 suum
1305 401 1480 443 tanquam
1503 399 1673 445 sagittam

489 463 648 503 acutam,
674 462 836 503 perczcole
853 460 887 494 in
908 460 1009 493 alcun
1029 469 1125 503 vero,
1149 458 1252 502 idest,
1276 458 1369 494 forte
1396 458 1510 505 tangit
1537 459 1673 505 aliquid

490 520 662 563 veritatis,
677 521 774 563 s’eyl'
790 521 926 555 inlende
945 521 1064 554 l’onor
1082 520 1357 564 dell’inslaenzia
1376 520 1429 554 e’l
1445 519 1578 554 btasmo
1597 524 1672 555 tor-

488 591 558 616 ηαι·
586 591 607 614 α
635 584 748 624 queste
774 584 884 625 mole,
916 580 1017 625 idest,
1046 580 1168 624 stellis,
1198 580 1246 615 ita
1280 579 1379 625 quod
1413 580 1596 616 inclinatio
1627 580 1673 616 ad

489 641 665 676 virtutem
686 644 721 676 et
742 641 868 675 vitium
895 636 1173 684 adsci·ibatur('>
1192 640 1309 675 astris.
1330 640 1372 675 Et
1396 640 1452 676 hic
1472 644 1556 676 nota
1576 640 1674 686 quod

488 705 593 747 poeta
622 701 786 746 loquitur
814 701 918 736 valde
945 704 1064 745 caute,
1085 700 1170 745 quia
1189 700 1275 735 dicit
1296 701 1365 736 sub
1391 701 1618 737 dubitatione
1637 704 1673 736 et

486 772 553 808 pro
580 766 695 808 parte,
724 762 805 797 licet
833 762 929 797 enim
959 761 1063 807 primi
1094 764 1215 796 motus
1242 760 1313 795 sint
1339 771 1361 796 a
1388 761 1493 806 coelo⁷
1519 771 1591 796 non
1617 764 1670 796 ta-

488 832 573 857 men
602 832 757 867 semper.
786 822 876 857 Nota
906 821 1029 866 etiam,
1059 831 1104 857 ne
1136 825 1245 857 autor
1278 821 1446 857 videatur
1483 822 1544 856 tibi
1580 832 1674 857 vane

488 882 699 927 somniasse,
729 882 826 927 quod
855 882 956 918 Plato
985 892 1140 928 magnus
1169 881 1439 928 metapliysicus
1467 882 1534 917 fuit
1561 882 1671 917 etiam

489 946 613 989 poeta;
634 942 715 978 ideo
745 943 856 977 multa
879 942 1024 977 trazlidit
1053 953 1117 988 per
1146 943 1378 988 metaphoras
1406 946 1442 978 et
1467 942 1673 978 similitudi-

489 1014 567 1038 nes:
597 1007 632 1038 et
662 1006 700 1037 ut
728 1013 796 1049 ego
819 1013 979 1048 sequens
1000 1006 1170 1038 autorem
1191 1003 1259 1038 sub
1278 1003 1504 1039 dubitatione
1529 1003 1671 1048 loquar,

489 1064 583 1099 forte
612 1064 712 1098 Plato
740 1064 916 1109 loquutus
943 1067 996 1099 est
1024 1063 1228 1099 secuudum
1256 1074 1494 1099 communem
1520 1063 1672 1099 modum

487 1124 672 1169 loquendi,
699 1125 754 1159 liic
779 1128 833 1159 est
862 1124 955 1159 lilius
982 1124 1065 1159 solis
1092 1125 1149 1159 vel
1178 1124 1274 1159 lunae
1301 1128 1338 1159 et
1366 1124 1443 1159 talis
1472 1124 1601 1160 redivit
1627 1124 1672 1159 ad

487 1189 660 1220 astra.-
680 1187 813 1227 anslt).
849 1185 912 1220 Hic
946 1185 1073 1220 ultimo
1106 1184 1251 1220 Beatrix
1285 1184 1467 1220 concludit
1500 1185 1674 1220 inconve-

488 1245 591 1281 niens
619 1245 715 1290 quod
744 1245 828 1280 olim
861 1248 985 1280 natum
1016 1248 1069 1280 est
1097 1245 1266 1290 opinione
1285 1239 1320 1288 (Ξ),
1340 1244 1511 1289 Platonis,
1531 1244 1671 1280 dicens:

493 1308 615 1348 Queslo
639 1308 828 1351 principio,
849 1306 950 1350 idest,
978 1306 1116 1341 dictum
1145 1305 1316 1349 Platonis,
1340 1305 1439 1350 quod
1467 1305 1673 1351 ponebatur

486 1377 507 1401 a
528 1367 746 1412 pbilosophis
766 1367 924 1412 antiquis
946 1371 1134 1411 tamquam
1152 1366 1369 1412 principium
1387 1376 1452 1412 per
1472 1376 1510 1401 se
1530 1369 1671 1411 notum,

488 1428 560 1461 mal
586 1428 705 1470 aneso,
729 1427 835 1473 juxta
865 1427 1007 1462 literam
1030 1431 1185 1471 tautum,
1208 1431 1312 1470 lorse,
1335 1426 1481 1471 scilicet,
1504 1427 1540 1461 in
1567 1436 1672 1462 erro-

487 1497 566 1522 rem
598 1497 787 1533 magnum,
814 1483 874 1530 φά
902 1491 984 1522 lullo
1004 1489 1027 1521 'l
1053 1488 1182 1522 mondo
1209 1489 1322 1531 quasi,
1345 1487 1439 1522 bene
1466 1486 1561 1531 dicit,
1586 1486 1671 1532 quia

487 1548 573 1583 olim
602 1552 687 1582 ante
710 1548 909 1583 adrentum
929 1544 963 1591 4³)
985 1548 1115 1583 Christi
1135 1558 1265 1583 omnes
1284 1551 1412 1594 gentes
1432 1547 1560 1582 mundi
1579 1557 1673 1593 prae-

488 1611 543 1643 ter
573 1619 683 1642 unam
713 1608 897 1643 nationem
929 1612 1070 1643 tautum
1103 1608 1272 1644 colebant
1304 1609 1467 1653 planetas
1500 1618 1566 1654 pro
1593 1608 1669 1643 diis.

487 1668 588 1703 Unde.
615 1668 717 1703 dicit:
751 1665 779 1702 si
813 1670 872 1703 elec
907 1672 1096 1710 [ras-corsa,
1125 1669 1199 1713 ipse
1237 1668 1407 1712 mundus,
1443 1679 1465 1702 a
1502 1670 1668 1703 nominat·

492 1729 609 1771 Glose,
627 1730 802 1762 ,iles-curio
829 1740 847 1763 e
874 1731 1013 1773 Marle‚·
1033 1728 1125 1763 sicut
1153 1728 1248 1763 enim
1270 1728 1441 1763 scribitur
1464 1727 1498 1762 in
1522 1728 1670 1773 Timaeo,

487 1789 609 1824 anima
634 1793 686 1824 cst
706 1799 832 1824 semen
856 1789 1017 1824 Deorum
1039 1789 1160 1824 stellas
1183 1788 1433 1833 moventium3
1455 1789 1551 1824 unde
1570 1789 1671 1824 Plato

487 1850 576 1885 dixit
608 1860 627 1885 a
665 1850 839 1895 principio
868 1850 1024 1885 notanda
1043 1844 1077 1894 (ἱ)
1107 1860 1187 1885 esse
1214 1860 1327 1895 opera
1362 1860 1579 1895 puerorum,
1608 1849 1671 1895 qui

488 1911 608 1946 statim
639 1910 808 1945 videntur
835 1910 1029 1946 ostendere
1057 1910 1101 1945 ad
1130 1921 1213 1956 quae
1241 1910 1415 1945 exercitia
1435 1910 1670 1945 scientiarum

488 1975 524 2007 et
550 1971 684 2006 artium
715 1982 757 2006 cx
789 1975 917 2006 natura
948 1971 1130 2017 comparis
1149 1971 1262 2006 stellae
1284 1971 1399 2018 magis
1419 1974 1503 2005 sunt
1523 1970 1668 2006 habiles.

489 2032 572 2067 Ideo
601 2031 769 2076 Clialtlzci,
792 2031 958 2078 AEgyptii,
979 2035 1015 2067 ct
1035 2032 1155 2067 l‘ersae
1181 2031 1349 2067 dicebant
1377 2030 1475 2076 quod
1504 2030 1669 2066 benevoli

489 2092 733 2138 procedebant
760 2103 779 2127 a
808 2093 908 2136 Jove,
930 2092 1091 2128 iracundi
1121 2103 1142 2127 a
1170 2093 1294 2135 Marte7
1319 2091 1449 2126 literati
1478 2101 1499 2126 a
1527 2091 1671 2125 Mercu-

490 2154 553 2197 rio,
583 2153 758 2187 luxuriosi
787 2163 807 2188 a
836 2152 1292 2198 Venere,contemplativi
1320 2162 1341 2187 a
1367 2152 1539 2187 Saturno.

550 2270 575 2296 (η
597 2269 623 2291 Ε.
643 2269 834 2291 mlsrriliunlur.
1058 2268 1084 2296 (³)
1104 2269 1131 2291 E.
1149 2276 1179 2291 cx
1199 2268 1369 2298 opinionibus.

551 2306 575 2334 (⁵)
598 2307 624 2329 li.
643 2307 780 2329 adwnlnni
802 2307 903 2330 Domini
923 2307 1004 2330 noslri
1021 2306 1083 2330 Jcsu
1100 2306 1202 2330 Christi.

552 2344 578 2373 (⁸)
597 2347 618 2371 ί,
638 2346 748 2367 notan-la
767 2349 836 2369 sunl.
