1737 2836
502 228 638 252 CANTL‘S
664 227 806 252 PnfflUs.
1171 221 1239 253 329

67 303 138 336 tem
169 310 240 336 non
268 300 357 335 laesit
385 299 638 344 manducatus,
667 303 757 335 teste
790 299 959 345 Galie1103
994 303 1028 335 et
1060 310 1144 335 mus
1180 301 1242 346 qui

66 360 226 407 pascitur
253 361 395 406 napello
428 363 482 396 est
515 360 639 395 tiriaca
673 364 799 395 contra
836 361 1031 406 napellum.
1069 360 1240 396 Similiter

64 424 186 456 tantus
213 424 266 456 est
293 420 384 456 ordo
404 420 639 466 providentia}
657 420 787 455 divinae
806 421 903 466 quod
927 421 1068 456 nullum
1088 425 1142 457 est
1164 425 1238 456 tam

65 492 244 528 magnum
273 481 426 526 malum,
453 480 550 526 quod
578 480 660 515 inde
687 490 759 515 non
778 481 895 516 eliciat
918 481 1064 526 aliquod
1086 482 1236 517 bonum.

64 542 166 577 Unde
192 541 418 588 Augustinus
445 540 480 575 in
497 537 531 585 (⁴)
562 540 790 575 Encliiridion
818 540 924 575 dicit:
954 541 1051 576 Deus
1071 541 1239 587 omnipo-

66 605 145 637 tens
172 612 244 637 non
272 602 407 637 sineret
434 600 512 636 fieri
540 601 635 635 mala
663 600 739 636 sive
758 603 900 635 naturae
919 600 995 636 sive
1017 601 1145 646 culpae,
1164 602 1240 636 sive

65 672 194 708 poenae,
224 662 289 697 nisi
318 665 412 697 esset
439 661 487 696 ita
514 665 651 707 potens,
684 661 782 706 quod
810 671 855 696 ex
879 671 1116 706 quocumque
1144 662 1240 697 malo

65 724 184 767 posset
221 721 353 757 elicere
388 721 566 767 optimum
602 721 752 756 bonum.
789 721 831 755 Et
867 721 973 756 dicit:
1005 732 1073 766 per
1108 723 1243 756 cltverse

64 783 164 826 sorti,
192 782 295 827 quasi
322 781 426 826 dicat,
455 782 560 817 aliter
587 785 622 817 et
649 781 764 826 aliter,
794 780 863 815 illae
890 784 1043 825 naturae,
1062 781 1154 826 dico,
1179 778 1240 826 ρι’ΐι

65 853 83 876 e
101 852 177 876 men
199 843 304 876 vicine
322 843 359 876 al
370 843 546 886 principio
562 843 651 886 loro,
670 840 814 885 scilicet,
831 841 917 885 Deo,
934 840 996 885 qui
1011 843 1065 875 est
1078 841 1239 886 primum

64 902 281 948 principium
307 912 469 947 movens,
498 901 589 936 sicut
612 902 689 947 Jam
726 901 820 936 bene
853 901 1079 936 declaratum
1116 904 1170 936 est
1205 901 1241 936 in

65 962 240 1008 principio
268 961 434 1007 capituli,
462 961 566 996 aliter
594 961 690 996 enim
723 961 819 996 lucet
853 960 906 995 sol
942 960 976 995 in
1010 971 1108 1006 aere,
1136 961 1242 996 aliter

66 1021 102 1056 in
121 1021 230 1066 nube,
253 1021 358 1056 aliter
381 1021 416 1056 in
435 1021 522 1057 luto.
542 1021 625 1056 Ideo
644 1020 787 1055 subdit:
811 1022 900 1055 oncle
917 1022 948 1055 sc·
966 1031 1150 1065 mnovono,
1174 1021 1242 1056 illae

64 1085 219 1126 naturae,
250 1081 334 1126 quia
364 1084 495 1116 natura
523 1085 577 1116 est
599 1081 815 1127 principium
837 1084 959 1115 motus
982 1081 1184 1116 secundum
1204 1091 1243 1116 se

64 1151 136 1176 non
164 1152 228 1186 per
251 1141 429 1186 accidens,
450 1141 623 1186 quoniam
643 1150 753 1175 omne
771 1151 904 1186 corpus
924 1140 1034 1176 habet
1052 1141 1239 1187 proprium

64 1204 218 1246 motum,
240 1204 279 1236 ut
301 1201 391 1248 ignis
418 1212 580 1246 sursum,
609 1205 706 1236 terra
733 1201 921 1244 deorsum,
941 1211 963 1235 a
982 1202 1112 1236 diversi
1125 1203 1238 1246 porci,

64 1261 149 1306 quia
179 1261 328 1297 veniunt
355 1261 399 1297 ad
427 1265 561 1307 ortum,
587 1272 652 1306 per
675 1263 707 1296 lo
725 1271 819 1305 yrcm
838 1271 917 1295 mar
935 1262 1012 1296 clell'
1027 1272 1150 1306 essere,
1174 1272 1238 1307 per

65 1322 354 1369 magnitudinem
383 1326 418 1358 et
444 1321 727 1368 profunditatem
749 1322 914 1357 essentiae
934 1325 1075 1357 naturae
1100 1332 1238 1367 rerum,

63 1393 80 1417 e
107 1384 284 1427 ciasemza,
314 1382 452 1428 supple,
480 1385 613 1417 natura
634 1384 816 1426 movetur,
839 1392 903 1416 con
926 1383 1040 1417 iscinlo
1058 1392 1081 1416 α
1099 1383 1142 1417 lei
1158 1384 1242 1417 clato

62 1443 181 1477 chela
205 1444 314 1487 porli,
350 1442 450 1487 idest,
486 1441 617 1488 dirigat
647 1441 683 1476 in
719 1441 827 1477 finem
861 1452 983 1476 suum.
1021 1441 1119 1477 Unde
1156 1446 1240 1477 nota

63 1502 160 1548 quod
189 1513 260 1537 non
288 1506 341 1537 est
368 1502 490 1547 aliqua
523 1504 653 1536 natura
687 1511 771 1546 quae
808 1512 880 1537 non
917 1501 1049 1537 habeat
1084 1502 1241 1537 sormam

63 1562 293 1597 essentialem
313 1561 595 1597 constituentem
623 1561 689 1596 sibi
717 1572 813 1607 esse3
834 1565 869 1597 et
889 1562 965 1597 haec
990 1561 1108 1597 forma
1131 1562 1243 1598 habet

61 1622 222 1667 aliquam
251 1621 480 1657 essentialem
508 1621 771 1667 operationem,
806 1625 842 1657 et
876 1622 954 1657 haec
985 1622 1148 1667 operatio
1185 1632 1243 1657 es-

63 1682 221 1718 sentialis
250 1681 373 1717 finitur
401 1681 446 1717 ad
473 1681 632 1726 aliqnid;
661 1685 697 1717 et
725 1681 805 1717 ideo
833 1681 996 1727 operatio
1029 1682 1107 1717 haec
1142 1681 1242 1717 finita

62 1742 106 1778 ad
133 1742 167 1778 id
194 1742 238 1777 ad
266 1741 363 1787 quod
391 1745 445 1777 est
472 1741 723 1787 essentialiter,
743 1745 797 1777 est
816 1742 953 1777 bonum
975 1741 1068 1777 illius
1088 1745 1240 1777 naturae.

63 1823 111 1828 —
129 1804 252 1845 Quesli.
281 1802 344 1837 Hic
372 1804 477 1847 poeta
505 1801 635 1847 prohat
662 1806 697 1837 et
724 1802 885 1838 declarat
911 1802 1049 1838 dictum
1074 1802 1238 1838 ordinem

63 1862 331 1909 particulariter
359 1862 394 1896 in
422 1861 641 1907 quibusdam
670 1862 779 1897 rebus
800 1862 1045 1907 naturalibus3
1066 1865 1101 1898 et
1123 1866 1175 1898 est
1199 1862 1240 1897 li-

64 1927 142 1959 tera
169 1922 279 1967 clara,
308 1921 404 1957 unde
431 1921 537 1956 dicit:
569 1923 695 1967 (mesti,
726 1922 860 1957 scilicet
886 1922 987 1967 ordo,
1015 1933 1057 1957 ne
1084 1926 1192 1966 porta
1218 1924 1243 1957 il

60 1985 163 2028 suoco
191 1980 289 2016 inrdr
316 1983 350 2016 la
377 1983 473 2025 luna,
504 1981 589 2026 quia
619 1981 709 2027 ignis
744 1982 916 2017 velociter
943 1985 979 2017 et
1011 1982 1241 2017 uniformiter

64 2042 229 2078 imitatur
249 2046 391 2078 motum
415 2041 508 2086 coeli,
527 2052 592 2076 aer
610 2045 735 2077 autem
756 2041 919 2076 imitatur
938 2041 1070 2087 ipsum,
1090 2042 1152 2078 sed
1169 2053 1240 2078 non

63 2102 317 2147 uniformiter,
339 2112 435 2147 aqua
450 2097 485 2145 (²)
508 2112 580 2136 non
600 2101 831 2137 uniformiter
846 2111 913 2137 nec
927 2102 1123 2147 complete,
1141 2105 1239 2137 terra

64 2172 268 2207 numquam
291 2156 518 2207 mutaturffl),
538 2161 599 2197 sed
620 2165 797 2207 perpetuo
816 2161 850 2196 in
869 2172 936 2197 suo
964 2163 1042 2198 loco
1070 2162 1239 2207 quiescit,

126 2291 152 2320 (¹)
171 2291 199 2314 E.
219 2291 243 2313 in
262 2291 328 2314 libro
346 2290 520 2314 Euchiridion.
603 2289 628 2319 (²)
648 2290 677 2314 Ε.
694 2297 758 2321 aqua
777 2297 838 2314 vero
856 2297 916 2314 non.
997 2290 1023 2319 (⁸)
1041 2290 1071 2314 E.
1089 2291 1213 2314 imitatur.
