1766 2856
517 250 559 281 16
878 253 1079 279 COMENTUM
1108 253 1326 278 PURGATonu

513 328 597 363 dam
626 327 812 362 historiam
841 326 1001 361 duorum
1036 325 1193 361 fratrum
1225 325 1514 371 describendam,
1541 326 1586 362 de
1616 337 1688 372 qua

512 387 627 422 multa
655 387 748 422 dicta
776 389 859 421 sunt
886 386 922 420 in
949 385 1092 421 luferno
1111 388 1146 421 et
1164 385 1331 420 dicentur
1359 385 1394 419 in
1421 385 1488 420 isto
1508 387 1689 432 Purgato-

512 447 576 482 rio.
594 447 635 481 Et
652 446 764 492 tangit
783 445 982 481 secundam
1005 445 1191 480 historiam
1212 445 1348 480 dicens:
1369 455 1386 479 e
1401 446 1463 489 poi
1481 447 1536 480 del
1551 447 1690 490 yrande

512 507 652 548 Achille,
680 505 764 550 quia
792 505 923 540 deinde
950 505 1030 540 fecit
1058 505 1191 540 librum
1226 505 1418 549 minorem,
1447 504 1483 539 in
1512 515 1585 550 quo
1614 508 1689 541 tra—

511 566 621 600 ctavit
648 565 692 600 de
714 564 938 610 juvenilibus
964 564 1073 610 gestis
1095 564 1250 609 Achillis,
1271 564 1315 599 de
1338 564 1469 609 quibus
1483 564 1561 610 jam
1580 564 1687 610 plene

512 625 635 671 scripsi
664 624 867 671 Purgatorii
886 625 933 659 IX
952 625 1120 670 capitulo.
1142 625 1183 659 Et
1202 624 1338 659 subdit:
1368 635 1425 659 ma
1447 626 1552 660 caeldi
1571 626 1607 659 in
1630 627 1688 660 via

510 696 575 719 con
611 687 646 719 la
680 686 830 719 soconda
860 695 969 719 soma.
1004 685 1047 720 Et
1079 684 1136 720 hic
1170 687 1266 729 nota,
1296 685 1420 729 lector,
1456 685 1551 730 quod
1589 686 1687 720 circa

510 744 616 779 istam
645 744 787 779 literam
817 744 919 778 multi
949 744 1063 779 multa
1089 743 1273 787 dixerunt,
1309 743 1367 778 alii
1394 754 1459 789 pro
1486 747 1592 790 poeta
1620 754 1687 779 no-

509 807 596 847 stro,
624 803 681 838 alii
709 804 973 838 calumniantes
1000 803 1094 838 istud
1122 803 1271 847 dictum,
1311 803 1396 847 quia
1430 803 1555 838 dicunt
1586 803 1684 848 quod

510 863 644 898 Statius
672 874 743 898 nou
770 867 824 898 est
852 867 1020 898 mortuus
1047 863 1207 898 secundo
1232 863 1323 897 libro
1345 863 1568 908 imperfecto.
1592 863 1681 905 Qui-

509 923 577 958 bus
606 922 897 968 respondendum
925 927 979 959 est
1005 923 1166 959 breviter
1193 926 1229 958 et
1255 923 1365 968 clare,
1385 923 1482 968 quod
1510 934 1597 959 vere
1625 933 1684 959 se-

512 982 673 1017 cundum
701 992 792 1027 opus
811 986 865 1017 est
883 983 1119 1028 completum,
1140 992 1206 1017 nec
1232 983 1365 1018 Dantes
1384 983 1453 1017 hoc
1474 986 1602 1029 negat:
1622 982 1684 1018 sed

511 1042 589 1076 vult
616 1042 749 1087 dicere,
776 1042 873 1087 quod
901 1043 1027 1077 cecidit
1054 1053 1139 1077 cum
1168 1042 1326 1077 secunda
1353 1043 1479 1087 salma,
1509 1043 1594 1088 quia
1621 1043 1686 1079 de-

509 1101 619 1137 bebat
645 1101 768 1136 subire
797 1102 940 1136 tertiam
964 1102 1163 1146 historiam,
1185 1102 1329 1146 scilicet,
1350 1106 1451 1148 gesta
1473 1102 1680 1148 Domitiani,

510 1161 603 1195 sicut
643 1160 716 1206 ipse
757 1164 978 1205 protestatur
1017 1161 1051 1195 in
1092 1161 1280 1206 prohemio
1316 1162 1371 1196 sui
1405 1162 1616 1207 Thebaidos,
1651 1165 1687 1198 et

511 1221 546 1255 in
582 1221 772 1266 prohemio
804 1221 1025 1255 Achilleidos.
1065 1221 1165 1256 Unde
1196 1219 1391 1265 vicleturg'ji
1428 1221 1562 1256 Statius
1598 1221 1684 1257 satis

511 1280 741 1315 excusandus
775 1281 803 1315 si
835 1280 1001 1316 videatur
1032 1280 1137 1315 nimis
1171 1280 1310 1315 adulari
1339 1281 1552 1317 Domitiano.
1582 1281 1684 1317 Unde

511 1343 595 1374 nota
623 1340 731 1384 quod,
760 1339 852 1374 sicut
879 1339 1000 1375 scribit
1023 1340 1211 1385 Josephus,
1230 1340 1457 1375 Domitianus
1476 1341 1600 1376 audito
1620 1351 1685 1375 ru-

511 1409 615 1434 more
642 1399 687 1434 de
713 1399 915 1434 desectione
944 1409 1208 1445 germanorum
1237 1409 1323 1434 cum
1351 1403 1445 1435 esset
1463 1400 1567 1436 valde
1593 1401 1682 1436 ado-

509 1459 658 1503 lescens,
687 1462 823 1494 tantam
854 1459 904 1494 rei
940 1458 1227 1505 magnitudinem
1262 1469 1332 1494 non
1366 1460 1558 1505 recusavit,
1587 1460 1680 1495 sicut

509 1517 568 1552 alii
597 1518 780 1562 secissent3
799 1518 861 1553 sed
880 1528 900 1552 a
920 1521 1022 1563 patre
1042 1518 1177 1552 habens
1206 1518 1401 1564 ingenitam
1430 1519 1676 1554 fortitudinem

507 1587 618 1622 supra
658 1580 815 1621 zetatem,
852 1577 972 1612 statim
1010 1577 1177 1612 tendebat
1215 1577 1249 1611 in
1286 1578 1472 1613 barbaros.
1510 1578 1560 1612 Illi
1597 1578 1680 1613 belli

508 1636 603 1671 sama
632 1636 744 1671 territi
773 1636 849 1671 sine
876 1637 949 1671 ullo
983 1636 1117 1671 damno
1145 1647 1299 1671 romano
1328 1637 1420 1683 jugo
1451 1647 1490 1672 se
1516 1637 1683 1673 subiece-

508 1700 603 1731 runt.
632 1696 857 1731 Domitianus
885 1706 974 1742 ergo
1001 1697 1121 1731 clarus
1137 1693 1173 1739 (²)
1197 1699 1233 1731 et
1260 1696 1417 1742 insignis,
1446 1700 1591 1732 aetatem
1621 1708 1684 1732 su-

507 1756 718 1801 perantibus
746 1756 846 1791 sactis
873 1759 907 1791 et
935 1755 1027 1801 patri
1056 1757 1232 1791 honorem
1256 1756 1504 1801 afferentibus,
1525 1757 1680 1792 Romam

508 1826 680 1851 reversus
707 1819 780 1859 est;
801 1815 862 1860 qui
882 1819 917 1850 et
935 1819 1133 1860 antequam
1153 1818 1255 1861 pater
1277 1816 1416 1851 veniret
1434 1817 1590 1851 Romam
1611 1815 1680 1851 Ca-

508 1876 670 1921 pitolium
691 1875 840 1910 viriliter
859 1875 1069 1910 defenderat
1086 1875 1132 1910 ab
1152 1875 1324 1910 hostibus.
1346 1875 1429 1911 Ideo
1443 1876 1606 1921 juventae
1626 1875 1682 1910 in—

506 1936 605 1971 doles
624 1935 740 1981 potuit
758 1935 925 1980 decipere
945 1935 1099 1970 Statium
1120 1935 1411 1970 commendando
1432 1935 1680 1970 Domitianum

506 1996 551 2031 ab
580 1996 629 2030 iis
646 1997 752 2029 —Al
776 1996 854 2029 mio.
882 1995 945 2029 Hic
973 1995 1107 2029 Statius
1133 1995 1303 2030 describit
1335 2005 1373 2030 se
1404 2005 1425 2029 a
1458 1995 1678 2030 nobilissimo

506 2058 610 2099 poeta
638 2064 749 2099 quem
776 2064 921 2099 semper
948 2054 1085 2089 studuit
1113 2054 1257 2089 imitari.
1278 2054 1319 2088 Et
1341 2054 1407 2089 ista
1429 2054 1532 2089 litera
1559 2054 1679 2089 ambi-

506 2124 579 2160 gua
612 2114 747 2148 habere
779 2117 895 2158 potest
925 2113 1105 2158 duplicem
1141 2113 1382 2157 iutellectum;
1418 2123 1546 2157 unum,
1581 2113 1679 2158 quod

506 2173 640 2208 Statius
667 2172 710 2207 sit
737 2172 853 2207 sactus
879 2175 985 2217 poeta
1017 2182 1081 2217 per
1118 2173 1331 2219 Virgilium,
1359 2172 1470 2207 alium
1506 2172 1603 2217 quod
1636 2172 1680 2207 sit

571 2305 596 2334 (¹)
616 2306 667 2332 117,
686 2304 787 2326 videtur
805 2303 874 2326 mihi.
1026 2312 1034 2316 -
1130 2301 1156 2331 (²)
1177 2305 1228 2331 117,
1247 2303 1338 2327 elatus.
