1737 2836
362 228 500 254 CANTUS
526 227 716 253 VIGESIML'S
742 227 882 252 PRIMUS.
1159 222 1200 252 19

35 300 263 344 intellectivo,
283 299 368 344 quia
390 303 477 333 tunc
499 299 578 344 plus
604 303 779 344 operatur
798 298 833 333 in
852 298 902 334 eis
922 298 1037 333 virtus
1060 308 1202 333 eorum.

35 361 137 395 Nunc
167 360 212 395 ad
244 360 412 403 literam;
440 358 522 393 dicit
551 362 677 403 poeta:
710 361 828 400 Quesle
854 359 992 402 parole,
1019 357 1112 392 dicta
1139 366 1204 403 per

34 419 202 464 Statium,
227 421 338 454 volser
361 419 501 462 I'z'ryilio
524 428 545 451 α
570 428 621 451 me
640 428 703 452 con
726 420 796 452 viso
823 419 881 452 che
908 419 1066 461 iacendi),
1092 417 1205 452 amic-

35 480 149 515 cando
162 477 209 525 (ἣ,
229 481 344 514 ‹licem-
366 479 444 521 caci,
464 477 608 521 scilicet,
628 488 712 512 cum
737 482 826 512 nutu
849 478 961 513 faciei.
989 478 1029 512 Et
1057 477 1140 513 dicit
1158 477 1203 512 ad

36 540 307 576 excusationem
336 548 463 582 suam,
484 548 542 571 ma
568 539 603 572 la
630 535 724 572 verli)
746 538 804 571 che
823 539 930 580 mole,
954 538 1053 582 idest,
1074 538 1204 572 volun-

37 604 91 635 tas
118 601 174 636 vel
200 600 377 646 appetitus
404 598 654 642 intellectivus,
682 608 750 632 non
777 593 846 641 [mo
870 600 967 640 lullo,
986 609 1095 642 supra
1123 609 1204 643 pas-

37 660 196 695 sionem:
224 663 260 694 et
286 659 444 705 assignat
472 657 648 693 rationem
668 653 702 701 8)
731 667 815 692 cum
844 657 982 691 subdit:
1006 653 1066 691 che*
1089 659 1161 691 riso
1189 669 1206 691 e

34 720 169 764 pizzuto,
196 718 257 764 qui
285 721 369 753 sunt
395 717 577 763 passiones
604 716 747 761 animae,
768 727 831 751 son
858 720 952 751 tanco
978 718 1116 761 sequaci
1134 718 1205 751 alla

36 780 192 824 passion,
226 778 327 821 idest,
361 777 484 812 virtuti
520 776 799 821 concupiscibili,
835 777 882 811 cla
917 777 975 810 clze
1005 777 1143 811 clasem?
1176 778 1207 810 si

37 839 164 882 spicea,
183 838 282 881 idest,
303 837 532 880 exciduntur,
551 838 609 870 che
637 846 711 870 men
737 846 866 878 sefflton
892 837 999 879 voler,
1019 835 1120 880 idest,
1141 845 1207 871 vo-

41 897 228 941 luntatem,
257 898 312 931 nei
336 894 397 940 μίὰ
434 897 560 938 veraci,
588 895 688 940 idest,
717 895 826 930 etiam
854 895 889 929 in
917 895 1205 940 sapientiorilms,

40 956 124 1002 quia
147 955 255 991 etiam
277 955 372 990 viros
392 955 570 1000 sapientes
598 958 633 989 et
655 954 831 989 veridicos
853 958 995 999 oportet
1013 954 1209 999 aliquando

40 1015 159 1051 ridere
186 1019 221 1050 et
248 1015 392 1060 plorare
411 1014 531 1059 invite,
551 1013 753 1049 secundum
778 1014 937 1049 laetitiam
965 1017 1000 1049 et
1028 1015 1208 1049 tristitiam

41 1075 173 1121 quibus
199 1075 547 1110 afficiuntur.—Io.
576 1074 638 1109 Hic
666 1077 770 1119 poeta
803 1074 956 1109 ostendit
989 1075 1144 1119 qualiter
1171 1084 1210 1110 se

43 1138 185 1170 tacente
211 1145 297 1170 cum
317 1134 453 1180 lingua,
476 1134 620 1169 locutus
647 1133 712 1168 suit
739 1144 822 1169 cum
847 1134 946 1178 visu,
967 1144 1011 1169 ex
1031 1145 1104 1179 quo
1132 1134 1211 1169 Sta-

44 1194 115 1229 tius
141 1194 343 1240 suspicione
370 1197 473 1239 capta
499 1193 680 1228 adiuravit
707 1203 792 1228 eum
823 1197 862 1227 ut
892 1193 1028 1228 diceret
1059 1204 1210 1229 causam

44 1254 98 1289 sui
128 1254 230 1289 risus.
260 1254 349 1289 Dicit
376 1264 484 1300 ergo:
514 1255 553 1287 lo
577 1263 647 1297 pm·
665 1254 803 1296 sorrc'se',
823 1263 916 1287 come
937 1255 1050 1288 l'uom
1076 1255 1213 1288 (πανη-

44 1317 163 1358 micea,
192 1314 292 1358 idest,
319 1313 380 1359 qui
409 1313 553 1348 inclinat
581 1313 708 1348 faciem
736 1313 961 1348 connivendo
977 1309 1011 1357 (³)
1034 1314 1089 1349 vel
1110 1314 1213 1349 affir-

46 1374 178 1409 mando
204 1373 357 1419 aliquid:
380 1371 509 1418 perche*
533 1373 704 1416 l’ombra,
732 1372 876 1417 scilicet,
896 1372 1007 1417 Statii,
1038 1375 1068 1407 si
1095 1378 1214 1417 lacque

44 1444 62 1467 e
82 1434 338 1477 rifflcarclommi
356 1434 447 1476 neyli
464 1433 569 1475 occhi,
589 1442 651 1466 ove
665 1433 688 1466 'l
712 1432 897 1466 sembianle
912 1430 972 1476 piz'c
998 1434 1028 1466 si
1051 1434 1147 1476 ᾖσθα.
1173 1433 1215 1467 Et

45 1492 143 1538 ponit
171 1492 379 1537 petitionem
407 1492 485 1527 eius
512 1491 652 1526 dicens:
681 1493 782 1535 disse,
811 1491 868 1526 ille
893 1491 1038 1536 Statius,
1058 1493 1140 1526 dele!
1159 1492 1212 1526 lo-

48 1552 173 1596 quitur
206 1551 445 1587 admirative:
477 1549 603 1595 perche*
634 1553 669 1586 la
698 1553 813 1596 faccia
849 1555 920 1595 ma,
952 1562 1034 1596 quae
1071 1551 1214 1586 videtur

46 1611 133 1646 mihi
162 1611 275 1657 rigida
303 1611 463 1655 honesta,
486 1612 738 1645 dimostrotmm'
764 1622 808 1645 zm
837 1612 1055 1655 lampeyyessar
1080 1613 1116 1646 αι’
1143 1613 1216 1646 riso

49 1675 178 1715 lasieso,
215 1671 313 1715 idest,
346 1681 441 1705 nunc
473 1681 580 1715 nunc,
608 1682 644 1705 se
677 1673 842 1705 assomme'
872 1675 966 1706 tanco
1002 1673 1126 1705 lavoro
1161 1673 1217 1705 in-

49 1734 164 1765 seme?
185 1730 293 1772 Quasi
312 1730 422 1765 dicat:
447 1730 474 1764 si
493 1730 589 1765 Deus
607 1730 666 1765 det
691 1730 751 1765 tibi
774 1734 910 1766 tantam
930 1731 1099 1777 gratiam,
1119 1731 1216 1776 quod

51 1790 202 1825 feliciter
228 1790 392 1835 perficias
420 1793 493 1825 tam
521 1789 743 1825 laboriosum
772 1800 874 1835 opus,
904 1790 951 1825 ita
985 1790 1081 1835 quod
1109 1790 1218 1825 simul

52 1852 167 1884 totum
203 1850 406 1894 aggreges?
433 1849 473 1883 Et
504 1852 610 1894 poeta
636 1849 765 1884 deinde
797 1850 961 1895 loquitur
997 1853 1032 1885 et
1066 1850 1219 1885 ostendit

51 1919 154 1944 suam
183 1908 458 1954 perplexitatem
492 1918 535 1943 ex
569 1909 752 1944 contrario
785 1913 869 1944 voto
903 1910 1062 1944 duorum
1097 1913 1219 1955 poeta-

54 1979 147 2013 rum,
170 1968 254 2013 quia
274 1971 454 2013 praecepto
475 1968 580 2002 unius
600 1978 671 2003 non
689 1971 829 2013 poterat
848 1969 1040 2013 contraire,
1061 1972 1096 2003 et
1118 1969 1221 2003 adiu-

53 2027 180 2063 rationi
207 2028 357 2063 alterius
377 2038 448 2063 non
466 2027 634 2063 audebat.
656 2028 755 2063 Unde
774 2028 875 2063 dicit:
900 2031 951 2063 Or
971 2039 1035 2063 son
1058 2031 1090 2063 io
1108 2031 1220 2064 d'zma

50 2091 151 2132 parte
168 2098 185 2122 e
203 2089 236 2122 α’
247 2089 339 2122 altra
355 2098 481 2132 preso;
508 2087 611 2132 quasi
635 2087 748 2123 dicat:
770 2088 865 2133 loqui
885 2088 1091 2133 prohibeor,
1111 2093 1147 2124 et
1166 2092 1220 2125 ta—

53 2156 137 2182 cere
165 2157 235 2182 non
263 2157 408 2192 possum
427 2159 433 2180 τ
454 2148 475 2181 l'
489 2157 574 2191 una,
593 2147 737 2192 scilicet,
757 2147 936 2194 Virgilius,
965 2150 1012 2183 mi
1033 2151 1072 2194 sa
1094 2153 1219 2193 lacere,

115 2275 143 2305 (¹)
161 2275 189 2298 E.
207 2276 343 2299 auutando.
402 2275 428 2305 (²)
448 2279 499 2305 117,
517 2283 620 2300 causam
638 2277 742 2301 rationis
760 2284 818 2300 cum
837 2277 929 2301 subdit.
987 2276 1013 2305 (Β)
1031 2277 1059 2301 E.
1077 2277 1220 2301 annuendo.
