1766 2856
478 236 548 267 246
842 238 1045 264 COMENTUM
1072 237 1291 263 PURGATORH

476 314 603 349 boravi
631 312 769 359 poetice
797 311 917 355 fidem,
945 312 1159 354 sequitavam
1178 312 1213 345 la
1236 314 1353 353 mota,
1372 310 1505 345 scilicet
1527 309 1654 345 dexte-

476 384 555 409 ram
577 373 621 408 ad
649 382 760 418 quam
781 382 914 407 currus
938 381 977 406 se
1000 371 1124 415 volvit,
1147 375 1186 405 ut
1205 380 1314 416 supra
1335 369 1484 415 dicitur3
1505 374 1540 406 et
1560 370 1655 416 figu-

477 437 533 468 rat
559 432 655 477 quod
684 431 835 467 ecclesia
863 431 1022 466 volvitur
1049 441 1159 476 supra
1194 441 1333 466 novum
1369 433 1653 473 testamentun13

478 493 557 528 ideo
594 493 687 528 bene
722 492 778 527 isti
813 491 999 527 christiani
1037 491 1288 536 sequebantur
1321 490 1418 525 illam
1453 492 1581 525 rotam.
1611 489 1654 524 Et

477 552 657 598 specificat
684 552 797 598 ipsam
826 555 944 587 rotam
972 562 1036 597 per
1062 551 1219 598 signum,
1241 550 1385 586 dicens:
1414 551 1472 584 che
1495 551 1529 594 fe
1555 550 1576 584 Γ
1590 559 1652 583 ον-

478 613 546 647 bila
572 623 650 656 smz,
677 612 778 657 idest,
808 611 1002 658 vestigium
1031 611 1127 656 quod
1156 610 1237 645 facit
1262 613 1341 645 rota
1360 610 1395 644 in
1415 609 1484 654 via,
1504 619 1569 644 con
1588 610 1655 643 mi-

477 683 545 707 nor
571 683 669 717 arco,
698 672 788 707 idest
807 672 956 716 circulo,
977 681 1088 716 quam
1109 670 1233 705 fecerit
1253 669 1395 705 sinistra
1414 672 1510 704 rota:
1532 672 1567 704 et
1584 669 1654 704 hoc

478 732 644 768 videmus
675 732 720 768 de
754 732 847 767 facto
878 731 976 776 quod
1009 730 1320 775 quandocumque
1355 729 1484 774 aliquis
1520 739 1654 764 currus

480 792 690 836 revolvitur,
720 794 799 826 rota
827 790 977 825 interior
1005 790 1088 826 facit
1122 790 1302 825 minorem
1331 789 1511 825 circulum
1540 798 1650 833 qnam

478 851 650 895 exterior,
681 860 777 885 nunc
803 853 929 885 autem
959 853 1038 884 rota
1067 849 1216 885 interior
1249 852 1328 885 erat
1361 849 1490 884 dextra
1525 848 1561 883 in
1588 848 1654 883 ista

480 910 730 946 revolutione:
765 910 832 945 hoc
865 909 974 945 etiam
1012 913 1109 955 patet
1147 909 1352 956 allegorice,
1389 909 1475 954 quia
1514 918 1651 944 novum

480 972 739 1005 testamentum
769 969 851 1005 facit
880 970 995 1005 multo
1027 969 1148 1004 minus
1182 970 1356 1005 volumen
1387 979 1500 1014 quam
1535 971 1652 1013 vetus,

480 1030 537 1065 vel
566 1029 651 1074 quia
671 1040 735 1075 per
755 1040 891 1064 novum
912 1033 1173 1065 testamentum
1195 1029 1332 1065 facilius
1351 1032 1386 1065 et
1405 1029 1509 1064 citius
1528 1039 1656 1064 ascen-

479 1089 576 1123 ditur
603 1089 750 1124 coelum.
781 1089 823 1123 Et
850 1088 969 1124 subdit
996 1089 1094 1134 quod
1121 1089 1323 1124 secundum
1353 1092 1495 1123 motum
1522 1089 1655 1124 ambu-

480 1149 633 1184 lantium
663 1149 855 1184 resonabat
882 1149 1038 1184 melodia
1061 1149 1279 1195 angelorum
1307 1148 1326 1168 '¹‘
1344 1149 1582 1194 cantantium,
1601 1149 1654 1184 di-

481 1218 589 1244 cens:
626 1210 856 1251 τιηάηῃεῐίεα
889 1212 988 1253 nola,
1028 1209 1133 1253 idest,
1170 1212 1299 1244 cantus
1334 1209 1551 1255 angelorum
1572 1205 1654 1253 *(1),

480 1272 660 1313 templ-ava
686 1270 699 1303 i
721 1269 829 1313 passi,
861 1268 1122 1304 conformando
1150 1268 1286 1314 pariter
1314 1271 1349 1303 et
1376 1268 1656 1313 proportionali-

481 1331 536 1364 ter
551 1324 600 1372 (ἢ,
623 1324 651 1362 si
670 1329 944 1372 passeyffl'amlo,
970 1327 1071 1372 idest,
1095 1328 1197 1363 nobis
1219 1327 1529 1374 percurrentibus,
1550 1329 1655 1362 l’alta

479 1389 586 1432 selva,
617 1398 689 1433 qua
718 1388 816 1423 nulla
845 1391 897 1423 est
924 1388 1041 1433 altior,
1071 1388 1155 1433 quia
1188 1388 1392 1434 propinqua
1425 1388 1530 1433 coelo,
1559 1391 1652 1432 vola,

481 1447 580 1492 idest,
610 1451 764 1483 vacuata
792 1452 827 1483 et
854 1448 993 1493 privata
1029 1448 1305 1493 habitatoribus,
1333 1449 1433 1493 colpa
1466 1449 1502 1483 di
1529 1449 1654 1492 quella,

480 1507 624 1552 scilicet,
660 1508 755 1552 Evae,
788 1509 890 1542 clz’al
918 1512 1072 1552 serpente
1107 1519 1214 1553 erese,
1250 1508 1352 1553 idest,
1389 1518 1472 1554 quae
1508 1507 1660 1543 credidit

480 1566 635 1611 diabolo,
664 1570 698 1602 et
720 1562 754 1611 (³)
785 1567 849 1601 sibi
877 1567 1027 1602 credidit
1054 1568 1128 1612 vir,
1163 1568 1259 1603 unde
1293 1569 1402 1613 paulo
1434 1568 1525 1603 infra
1558 1567 1656 1613 ponit

483 1627 673 1671 querelam
701 1626 746 1661 de
774 1626 905 1662 Adam:
934 1627 996 1662 sed
1023 1631 1123 1662 certe
1149 1627 1194 1662 ad
1217 1628 1361 1673 culpam
1393 1628 1566 1663 continuo
1597 1638 1656 1663 se-

481 1689 566 1721 cuta
594 1690 647 1721 est
674 1696 797 1732 pcena,
827 1697 910 1722 nam
940 1690 1098 1732 uterque
1117 1686 1232 1722 sactus
1255 1687 1352 1731 exul,
1376 1687 1487 1722 miser
1505 1690 1540 1722 et
1563 1698 1655 1732 pau—

482 1755 558 1791 per,
585 1745 749 1780 omnium
779 1756 928 1792 egenus,
952 1746 1136 1781 subiectus
1164 1747 1271 1781 morti
1300 1747 1386 1781 xidit
1412 1747 1534 1781 omnia
1562 1746 1657 1782 dura

482 1805 609 1840 auditu
634 1805 768 1841 nedum
798 1806 975 1851 toleratu,
1001 1809 1036 1841 et
1063 1806 1156 1841 inter
1183 1806 1384 1842 anxietates
1412 1809 1445 1842 et
1474 1806 1567 1842 inter
1593 1817 1660 1842 an-

482 1865 618 1911 gustias
654 1866 800 1912 longam
838 1869 873 1901 et
909 1866 1040 1901 sessani
1077 1866 1179 1901 malis
1214 1865 1422 1901 terminavit
1458 1866 1583 1901 vitam.
1621 1866 1658 1901 Si

482 1934 572 1971 ergo
608 1925 800 1971 probibitio
836 1925 938 1960 auxit
972 1925 1302 1971 concupiscentiam
1345 1925 1454 1960 huius
1495 1925 1658 1961 mulieris

483 1985 647 2030 excelsae,
676 1985 761 2030 quid
792 1985 926 2020 mirum
956 1985 983 2020 si
1012 1985 1134 2020 nullus
1163 1989 1282 2020 metus
1305 1985 1431 2020 mortis
1452 1988 1568 2030 potest
1589 1995 1660 2020 cae-

486 2048 582 2080 teras
601 2046 815 2081 continere?
834 2056 994 2090 quarum
1013 2056 1146 2090 corpus
1168 2045 1284 2088 molle,
1305 2044 1448 2079 animus
1467 2044 1545 2079 vilis
1565 2054 1659 2090 prae-

484 2104 604 2149 cipitat
634 2105 668 2139 in
695 2115 843 2141 omnem
874 2105 1147 2150 turpitudinem,
1175 2114 1241 2139 nec
1269 2104 1381 2138 sraeno
1408 2104 1570 2139 coerceri
1594 2114 1658 2150 po-

487 2167 553 2198 test
573 2163 788 2199 indomitum
808 2165 954 2209 animal,
970 2164 1075 2199 cuius
1094 2164 1149 2199 vir
1169 2163 1393 2208 frequentius
1413 2166 1465 2198 est
1485 2163 1519 2198 in
1541 2164 1656 2209 culpa.

550 2257 575 2285 (¹)
593 2258 627 2280 Lo
646 2259 732 2287 parole
750 2258 789 2281 fra
808 2259 812 2281 i
832 2259 880 2281 :lue
898 2259 1029 2282 asterischi
1047 2266 1091 2281 son
1109 2259 1219 2288 supplice
1237 2258 1277 2281 dai
1294 2258 1378 2281 Codici
1398 2260 1441 2281 117
1460 2264 1473 2280 c
1492 2257 1604 2281 Estense.

550 2295 575 2325 (²)
596 2298 647 2323 117,
667 2297 929 2326 proportionabiliter.
1153 2296 1177 2326 (⁸)
1195 2297 1225 2320 E.
1242 2299 1267 2320 et
1285 2297 1360 2320 ctiam
1380 2297 1434 2320 sibi.
