1737 2836
440 248 576 274 CANTLS
602 248 824 273 TmGESfflcs.
1144 241 1212 271 207

50 332 159 357 unam
188 321 497 366 comparationem
525 320 660 355 claram
681 324 716 355 et
739 320 933 365 propriam,
957 320 1097 355 dicens:
1117 318 1214 364 quod

50 382 96 417 ita
123 381 242 428 angeli
270 381 389 415 subito
415 384 659 415 surrexerunt
686 379 730 415 de
757 380 839 426 biga
866 380 911 415 ad
938 383 1085 415 cantum
1113 379 1215 415 Salo-

51 441 179 485 monis,
206 441 295 475 sicul
324 440 406 475 boni
436 442 628 484 resurgent
646 439 691 474 de
713 440 900 484 sepultura
926 439 971 474 ad
998 450 1127 474 sonum
1148 450 1216 474 an-

50 500 129 547 geli.
159 500 248 535 Dicit
273 510 380 545 ergo:
412 501 526 542 Cento,
554 498 698 543 scilicet,
726 498 856 544 angeli,
885 503 919 534 et
947 499 1046 544 ponit
1073 499 1213 534 linitum

51 571 115 607 pro
143 560 290 604 infinito,
325 561 472 594 me'm'slrc'
496 563 527 593 εἰ
552 560 764 602 messaygsier
794 560 831 592 di
861 560 929 592 vila
960 562 1092 604 elei-na,
1130 558 1215 604 quia

50 620 168 666 angeli
196 623 279 653 sunt
308 619 403 653 missi
430 629 450 653 a
478 618 552 653 Deo
580 618 795 653 famulantes
822 617 866 662 ei,
897 619 928 652 se'
949 619 1059 661 Ievar,
1086 618 1131 653 ad
1151 629 1216 653 vo—

51 690 128 716 cem
159 679 244 714 lanti
268 678 373 723 senis,
393 678 537 722 scilicet,
556 677 768 721 Salomonis,
788 677 872 722 quia
895 677 959 711 suit
978 687 1089 713 senex
1110 680 1216 712 aetate

51 742 86 775 et
112 738 295 784 sapientia,
325 739 357 771 in
385 748 424 771 su
452 739 485 771 Ia
513 738 630 772 de'vz'na
657 737 833 779 basterna,
853 737 953 782 idest,
977 747 1087 782 super
1115 737 1215 771 illum

51 801 215 833 sanctum
236 794 261 841 '¹‘
282 808 433 832 currum
463 796 623 831 ecclesiae
643 796 716 831 Dei.
733 796 791 832 Est
811 796 906 831 enim
927 796 1095 831 basterna
1117 796 1217 832 vehi-

51 858 175 893 culum
211 856 357 901 itineris,
386 856 434 890 sic
466 856 571 900 dicta,
599 855 701 900 quasi
733 859 911 900 vesterna,
940 856 1024 900 quia
1060 856 1218 891 vestibus

53 911 265 959 mollibusf‘:
294 916 479 960 sternitur,
495 919 530 950 et
549 915 728 950 aduobus
755 915 971 950 animalibus
1000 915 1217 960 trahitur,in

53 987 125 1022 qua
154 976 324 1011 mulieres
353 975 488 1010 nobiles
519 975 752 1010 deferuntur:
781 979 816 1010 et
849 976 898 1010 sic
927 975 1007 1010 vide
1039 978 1217 1020 quantum

54 1036 265 1081 metaphora
299 1035 341 1069 sit
376 1035 531 1080 propria,
567 1035 653 1079 quia
694 1035 758 1070 ista
799 1035 881 1081 biga
916 1035 1061 1070 ducitur
1094 1035 1129 1069 in
1162 1035 1219 1070 via

54 1105 135 1141 quae
154 1090 187 1138 (⁹⁵)
216 1094 470 1141 peregrinatur
497 1095 531 1129 in
560 1095 625 1129 ista
653 1095 737 1140 vita,
765 1099 800 1130 et
827 1095 983 1130 trabitur
1001 1095 1047 1130 ab
1073 1095 1219 1130 animali

53 1155 211 1191 duarum
240 1158 468 1198 naturarum,
489 1157 523 1189 et
550 1158 603 1189 est
625 1148 1074 1200 multipliciteradornata,
1094 1154 1128 1188 in
1147 1164 1220 1198 qua

54 1214 216 1250 defertur
252 1213 470 1249 nobilissima
503 1214 661 1258 domina,
693 1214 825 1249 scilicet
857 1214 1021 1259 Beatrix3
1055 1213 1219 1258 ministri,

54 1275 144 1319 dico,
173 1275 274 1308 cotali
301 1275 394 1317 quali
420 1275 430 1308 ιῖ
456 1274 543 1308 beati
567 1284 739 1317 sorgleran
770 1278 900 1318 presto,
932 1274 1061 1318 subito,
1089 1283 1220 1317 omum,

56 1334 155 1378 idest,
183 1333 344 1378 quilibet,
370 1334 407 1367 cli
433 1343 495 1367 sua
522 1343 688 1378 caverna,
719 1334 863 1378 scilicet,
886 1334 1084 1379 sepultura,
1104 1335 1141 1368 al
1157 1344 1222 1367 ηο-

56 1395 192 1428 vissimo
220 1393 349 1435 lmmlo,
378 1393 477 1437 idest,
507 1393 632 1428 ultima
660 1393 717 1428 die
738 1393 862 1439 judicii
894 1393 1038 1438 quando
1069 1393 1222 1439 angelus

56 1452 308 1499 proclamabit:
338 1454 473 1495 Smffl'le
500 1454 638 1493 mortui,
666 1457 733 1488 etc.
770 1455 993 1496 allelzn'audO,
1016 1453 1115 1498 idest,
1136 1463 1220 1488 cum

55 1512 189 1559 gaudio
217 1512 394 1547 cantando
420 1512 577 1556 alleluia,
601 1512 697 1557 quod
720 1523 853 1548 nomen
885 1513 1096 1548 hebraicum
1121 1516 1224 1547 sonat

56 1572 257 1607 secundum
287 1582 396 1606 unam
417 1572 699 1617 expositionem:
720 1574 860 1607 Salvum
887 1583 938 1606 me
961 1574 1033 1617 fac,
1056 1574 1224 1617 Domine,-

57 1632 152 1677 quod
180 1632 272 1667 bene
299 1631 469 1677 competit
497 1631 595 1677 ipsis;
618 1636 653 1667 et
674 1632 769 1677 dicit,
798 1633 832 1666 la
862 1643 940 1667 voce
965 1634 1132 1675 νίυεείὶία,
1154 1632 1221 1668 sci-

57 1692 148 1736 licet,
176 1702 197 1727 a
224 1702 389 1737 corpore,
423 1692 524 1736 quasi
551 1691 656 1736 dicat,
694 1692 888 1737 resumptis
906 1686 940 1736 (4)
969 1692 1115 1738 organis
1142 1703 1224 1728 cor-

59 1752 250 1798 poralibus,
283 1752 330 1786 ita
366 1747 512 1796 quodt'f'l
544 1755 629 1786 tunc
660 1752 729 1787 erit
762 1752 962 1798 perfectior.
991 1753 1033 1787 Et
1066 1752 1115 1787 sic
1142 1752 1225 1788 vide

59 1815 237 1856 quantum
270 1811 492 1855 comparatio
527 1811 570 1845 sit
604 1811 747 1857 propria
776 1822 819 1847 ex
847 1812 945 1847 omni
964 1807 1000 1855 (Β)
1034 1815 1147 1857 parte,
1180 1812 1225 1847 de

60 1870 172 1905 beatis
198 1870 242 1904 ad
270 1870 428 1915 angelos,
466 1869 510 1905 de
536 1870 705 1905 basterna
738 1871 782 1906 ad
814 1881 1023 1916 cavernam,
1060 1871 1105 1906 de
1136 1881 1225 1906 voce

59 1928 176 1975 angeli
203 1929 247 1964 ad
277 1939 403 1964 vocem
436 1928 646 1964 Salomonis.
662 1950 709 1954 —
730 1932 824 1964 Tulli.
844 1930 907 1965 Hic
926 1933 1031 1975 poeta
1058 1930 1226 1965 describit

60 1988 176 2034 ipsum
193 1991 340 2023 cantum
356 1989 571 2034 angelorum
588 1998 696 2033 super
709 1989 853 2024 laudem
865 1989 993 2035 gryphi
1005 1989 1080 2024 sive
1091 1990 1227 2035 sponsi;

61 2051 96 2083 et
122 2047 205 2083 dicit
224 2048 382 2083 breviter
400 2048 497 2093 quod
516 2048 681 2083 dicebant
700 2047 785 2083 illud
803 2047 899 2093 quod
916 2047 1051 2083 dictum
1075 2048 1140 2083 suit
1161 2049 1227 2084 sibi

62 2108 96 2143 in
122 2108 180 2144 die
207 2108 415 2143 Palmarum
443 2119 463 2143 a
492 2108 568 2143 filiis
588 2108 695 2143 lsrael
715 2108 926 2144 festantibus
944 2111 979 2143 et
998 2109 1227 2144 cantantibus

124 2220 150 2249 (¹)
168 2221 197 2243 E.
215 2227 230 2243 e
249 2223 300 2249 117,
319 2227 428 2244 sacrum.
601 2221 626 2249 (²)
645 2221 674 2244 E.
691 2221 834 2245 mobilibus.

125 2258 150 2285 ,’)
167 2258 195 2281 Ε.
212 2265 269 2288 qua.
601 2259 628 2289 (⁴)
646 2259 674 2282 E.
693 2260 852 2289 reasumplis.

128 2296 152 2324 ζ’)
171 2297 222 2323 117,
241 2296 308 2326 quod
326 2303 374 2320 vox
392 2300 452 2320 tunc
469 2299 532 2320 crat.
602 2298 626 2325 ψ)
646 2297 673 2320 Ε.
690 2304 721 2320 ex
738 2298 807 2321 omni
825 2298 863 2321 sui
881 2300 960 2328 parte,
978 2297 1074 2321 scilicet
1091 2298 1122 2321 de
1140 2298 1227 2322 beatis.
