1737 2836
500 202 640 228 CANTUS
667 202 810 228 SEXTUS.
1175 195 1245 226 445

65 285 184 321 usque
202 275 320 311 Gades
339 286 512 311 reversus
531 279 586 311 est
604 275 800 322 Hyspalim,
821 285 904 320 qua}
923 284 1020 309 nuuc
1038 274 1158 309 Sibilia
1179 284 1244 309 vo-

64 339 182 380 catur,
202 339 237 371 et
256 335 532 381 hyspalensibus
560 346 732 381 magnam
757 334 1026 380 querimoniam
1050 334 1133 370 fecit
1159 334 1242 379 quia

64 395 230 431 faverant
258 395 370 440 Gneo,
408 395 530 431 dicens
558 395 716 440 superbe
750 395 848 440 quod
877 395 1032 441 populus
1068 404 1245 430 romanus

64 455 282 491 immortalis
310 455 467 491 babebat
485 455 610 490 decem
632 455 793 500 legiones
815 466 898 500 quae
917 455 1053 490 coelum
1074 455 1244 501 frangere

65 519 186 551 essent
201 519 384 561 potentes;
401 515 450 550 sic
466 515 585 550 solum
603 514 795 550 nominans
811 525 906 559 suas,
924 518 964 549 ut
979 515 1081 559 quasi
1101 518 1243 550 caeterae

65 575 151 610 nihil
179 576 302 611 valere
330 575 552 611 viderentur.
580 575 623 610 Et
650 575 708 610 hic
735 574 801 610 fuit
828 574 907 609 finis
930 575 1013 610 belli
1036 575 1148 610 civilis
1167 575 1245 610 Cae—

64 635 155 671 saris
182 635 280 681 quod
308 635 452 671 duravit
480 638 640 681 quatuor
666 635 781 670 annis.
810 634 862 670 Ad
891 635 1033 671 literam
1063 644 1153 680 ergo
1181 645 1243 669 ve-

65 695 208 741 niendo,
236 696 320 731 dicit
347 695 590 731 Justinianus:
619 698 677 730 Da
702 697 805 739 oncle,
832 695 967 731 scilicet
994 698 1074 741 post
1105 695 1243 730 bellum

65 756 364 799 Alexandrinum,
383 767 487 799 scese,
507 755 609 800 idest,
628 755 813 791 descendit
842 755 929 791 illud
948 755 1092 802 signum
1113 754 1245 800 aquilae

62 821 251 864 portatum
268 828 289 853 a
304 817 459 861 Caesare,
472 818 691 862 solyoramlo
705 827 728 850 α
742 817 866 859 Gz'uba,
879 816 1013 851 scilicet
1026 815 1060 850 in
1073 815 1241 859 Africam,

56 879 121 922 poi
146 879 176 912 si
201 879 330 912 rit-else
357 878 413 911 nel
438 881 560 911 nostro
587 878 770 920 occidenle,
798 876 932 911 scilicet
960 875 995 910 in
1022 875 1241 920 Hispaniam,

63 948 147 983 quae
175 941 228 973 est
256 937 291 972 in
319 937 451 972 finibus
479 937 592 972 nostri
619 936 826 981 occidentis,
847 938 933 971 (love
950 937 1059 970 sentia
1087 937 1122 970 ῐα
1146 945 1245 979 pom-

60 999 191 1042 peiana
219 998 310 1041 tuba,
342 997 427 1043 quia
454 997 528 1032 duo
556 997 716 1043 Pompeii
740 1007 805 1042 pro
831 1007 905 1031 uno
926 996 1042 1031 renati
1070 995 1244 1031 videban-

63 1060 142 1092 tur:
172 1057 269 1092 unde
297 1057 430 1092 Sextus
457 1057 616 1092 evadens
643 1057 689 1092 ab
717 1056 784 1093 isto
813 1056 919 1101 bello,
939 1059 1063 1102 postea
1084 1055 1241 1090 multum

65 1117 226 1163 fatigavit
253 1117 475 1164 Augustum,
504 1120 681 1162 occupata
711 1116 827 1152 Sicilia
856 1120 891 1152 et
919 1116 1093 1152 Sardinia.
1118 1116 1159 1150 Et
1186 1115 1243 1150 hic

64 1177 193 1213 ultimo
221 1181 318 1222 nota,
347 1178 472 1221 lector,
507 1177 605 1222 quod
638 1177 694 1212 hic
728 1176 838 1212 Gaius
872 1177 993 1212 Caesar
1023 1176 1117 1211 Lutii
1152 1175 1244 1211 filius

63 1237 169 1283 plura
198 1237 391 1273 laudabilia
411 1237 556 1273 videtur
579 1237 762 1282 habuisse,
788 1248 900 1283 quam
921 1247 1086 1282 unquam
1114 1236 1244 1282 aliquis

62 1298 240 1344 princeps.
270 1298 360 1332 Nam
389 1297 455 1332 fuit
477 1287 656 1344 sanguine
678 1297 923 1332 nobilissimus
941 1297 986 1333 ‹le
1007 1297 1117 1333 domo
1137 1295 1242 1339 Jnlia,

63 1367 218 1403 corpore
239 1357 492 1403 pulcerrinius,
514 1357 597 1393 licet
625 1357 690 1392 ista
711 1368 783 1392 non
806 1357 996 1393 conferant
1015 1367 1141 1392 veram
1164 1356 1244 1391 lau-

62 1417 167 1453 dem:
206 1417 272 1452 suit
306 1428 498 1453 armorum
537 1417 779 1463 peritissimus
813 1418 891 1453 sine
925 1417 1013 1463 pari,
1042 1416 1139 1452 unde
1173 1426 1245 1451 non

63 1477 241 1524 Pyrrhus,
258 1487 328 1512 non
344 1477 533 1522 Hannibal,
551 1488 622 1512 non
637 1477 844 1513 Alexander
863 1488 1030 1523 magnus,
1043 1487 1114 1512 non
1129 1475 1245 1522 Scipio

63 1537 182 1573 maior
210 1537 294 1572 huic
323 1537 485 1572 maximo
505 1537 587 1572 duci
608 1541 759 1582 possunt
775 1534 811 1581 (¹)
840 1537 1052 1580 assimilari,
1073 1537 1135 1582 qui
1163 1536 1243 1571 fecit

63 1597 141 1633 sere
168 1597 401 1643 impossibilia
429 1597 577 1632 homini.
607 1597 670 1632 Hic
703 1597 770 1633 fuit
801 1597 1120 1643 eloquentissimus
1147 1596 1245 1642 prin—

63 1659 198 1705 cipum,
227 1658 324 1694 unde
351 1658 489 1693 Tullius
516 1661 688 1693 numerat
717 1668 802 1693 eum
824 1658 918 1693 inter
940 1657 1096 1703 optimos
1122 1660 1245 1692 orato-

64 1730 141 1764 res;
170 1719 233 1753 suit
263 1722 380 1764 poeta,
402 1718 499 1753 unde
527 1718 610 1753 fecit
636 1718 788 1754 metrice
807 1718 1025 1764 opusculum
1055 1717 1154 1763 quod
1181 1727 1245 1762 ap-

63 1779 209 1826 pellavit
238 1779 306 1814 iter
327 1778 361 1812 in
380 1781 537 1824 angusto
557 1788 683 1813 rerum
704 1779 872 1824 articulo,
895 1778 1042 1824 quando
1064 1778 1098 1812 in
1119 1777 1241 1823 viginti

64 1843 225 1885 quatuor
253 1838 381 1873 diebus
407 1838 454 1873 ab
478 1837 578 1872 ltalia
601 1838 664 1873 ivit
682 1838 718 1872 in
736 1838 956 1884 Hispaniam.
977 1837 1176 1872 Historicus
1194 1832 1242 1879 (ἶ),

63 1900 162 1935 unde
188 1909 255 1934 sua
282 1901 384 1945 gesta
411 1897 599 1943 descripsit
626 1898 813 1933 luculento
835 1898 927 1943 stilo,
947 1901 988 1932 ut
1005 1897 1090 1932 dicit
1114 1896 1241 1931 Sveto-

64 1960 163 2005 nius,
192 1959 275 1995 fecit
302 1958 413 1994 etiam
438 1957 683 2003 Anticatones,
703 1958 864 1994 correxit
891 1958 990 2004 leges
1016 1957 1072 1991 sui
1100 1960 1242 2001 tempo-

66 2020 125 2065 ris,
155 2019 238 2055 fecit
261 2022 487 2065 compotum,
516 2017 696 2053 ordinavit
731 2028 882 2062 annum,
912 2017 1059 2052 invento
1090 2015 1242 2059 bisexto,

62 2079 221 2115 dictabat
248 2079 357 2114 simul
377 2078 542 2124 pluribus
565 2077 812 2123 scriptoribus,
833 2080 873 2112 ut
892 2077 987 2112 idem
1008 2076 1102 2111 dicit.
1123 2076 1243 2111 Caesar

64 2139 131 2175 fuit
158 2139 452 2184 liberalissi1nus3
481 2148 566 2173 nam
594 2148 639 2173 ex
668 2140 720 2172 tot
748 2137 906 2172 victoriis
940 2136 1024 2171 nihil
1056 2136 1120 2171 sibi
1156 2135 1243 2171 reti-

128 2271 154 2301 (¹)
173 2271 201 2294 E.
221 2273 326 2301 possunt
343 2270 458 2294 similari.
711 2267 737 2296 (¹)
755 2268 784 2291 Ε.
803 2268 860 2291 Fuit
880 2268 1025 2291 historicus.
