1766 2856
474 248 544 279 408
869 250 1074 275 comm-TUM
1102 251 1267 276 PARAmsI

472 328 543 371 che,
565 325 754 368 sermnem,
785 322 920 358 scilicet
948 325 1087 368 votum,
1104 324 1167 368 far
1186 324 1333 368 22e992'05
1354 323 1450 359 unde
1471 323 1649 369 Josephus

472 386 566 430 dicit,
584 384 681 430 quod
701 383 855 429 jephthe
875 392 946 418 non
966 382 1097 419 obtulit
1115 383 1191 418 Deo
1212 387 1361 429 gratum
1381 384 1650 428 holocaustum,

473 455 594 490 neque
629 443 847 489 legitimum,
876 443 961 488 quia
993 443 1021 477 si
1055 443 1154 478 canis
1188 443 1410 478 occurrisset
1440 443 1517 488 sibi,
1545 443 1653 479 obtu-

473 506 570 540 lisset
597 504 716 550 ipsum
744 504 839 548 Deo3
868 503 949 539 ideo
977 503 1042 538 fuit
1069 503 1201 538 stultus
1228 503 1263 538 in
1292 503 1456 539 faciendo
1488 503 1560 539 tale
1590 514 1656 539 vo-

474 569 564 610 tum,
593 568 628 600 et
655 564 840 600 crudelius
860 567 895 599 et
914 564 1046 610 impius
1066 564 1101 598 in
1120 563 1362 609 adimplendo.
1379 584 1427 588 —
1442 566 1472 598 E
1487 559 1567 598 cosi.
1591 564 1655 599 Hic

474 625 619 661 Beatrix
639 624 786 660 adducit
803 624 901 659 aliud
921 624 1132 670 exemplum
1154 627 1312 659 tractum
1329 634 1374 660 ex
1393 624 1550 659 historiis
1564 635 1656 671 gen-

472 686 610 731 tilium3
639 689 675 721 et
701 685 746 720 ad
773 685 1058 720 declarationem
1088 684 1196 719 huius
1225 685 1339 720 literae
1370 685 1456 720 satis
1486 685 1655 720 obscurae

472 749 526 781 est
552 745 754 790 sciendum>
783 745 881 790 quod
908 744 1002 779 sicut
1029 744 1155 790 pulcre
1183 745 1305 780 scribit
1336 745 1434 780 Dites
1461 745 1655 789 Cretensis,

472 807 534 852 qui
557 806 686 841 asserit
708 816 747 841 se
766 805 973 841 interfuisse
992 805 1087 840 bello
1109 805 1262 851 troiano,
1281 806 1537 852 Agamemnon
1557 806 1653 852 apud

472 867 639 902 Aulidem
668 866 824 901 insulam
853 866 949 901 circa
977 866 1103 901 lucum
1133 866 1268 911 Dianae,
1297 867 1368 902 telo
1397 866 1575 902 transfixit
1593 877 1655 902 ca-

471 923 670 973 p1·eam(¹)3
699 930 735 962 et
763 937 835 961 non
854 926 970 961 multo
990 929 1069 972 post
1089 926 1165 961 sive
1184 926 1237 962 ira
1258 926 1408 972 coelesti,
1432 926 1507 962 sive
1526 937 1656 962 corru-

471 988 592 1034 ptione
611 987 706 1023 aeris
734 987 827 1022 sacta
855 990 909 1022 est
936 987 1138 1033 pestilentia
1163 997 1296 1034 magna
1316 987 1352 1022 in
1372 988 1536 1023 exercitu
1556 998 1654 1034 grae—

472 1059 601 1084 corum
622 1048 699 1083 sine
720 1048 894 1083 remedio.
916 1047 985 1083 Sed
1006 1048 1139 1083 mulier
1159 1048 1327 1093 quaedam
1348 1048 1422 1084 Deo
1441 1049 1547 1094 plena
1567 1048 1656 1084 dixit

473 1109 569 1155 quod
587 1099 778 1144 ira’Dianae
795 1109 862 1144 hoc
879 1108 998 1153 fiebat7
1019 1119 1102 1154 qum
1121 1119 1269 1154 poenam
1289 1108 1468 1155 sacrilegii
1485 1109 1654 1156 exigebat

472 1171 518 1205 ab
544 1169 710 1205 exercitu
738 1169 843 1204 cuius
871 1169 945 1204 dux
974 1179 1145 1215 capream
1163 1164 1199 1213 (Ξ)
1224 1169 1467 1214 interfecerat,
1488 1180 1554 1204 nec
1577 1170 1654 1215 pla-

471 1230 545 1266 cari
577 1240 682 1276 posse
717 1229 781 1265 nisi
819 1230 1075 1265 immolaretur
1111 1229 1182 1265 filia
1214 1229 1313 1274 eius3
1351 1230 1413 1265 sed
1437 1240 1522 1265 cum
1558 1232 1654 1276 Aga-

473 1302 646 1327 memnon
665 1291 845 1326 obstinate
863 1290 1141 1335 contradiceret7
1164 1289 1276 1325 duces
1297 1289 1546 1335 spoliaverunt
1565 1300 1652 1326 eum

470 1351 572 1387 ducis
599 1351 749 1386 honore.
783 1350 917 1397 Ulyxes
945 1360 1033 1385 vero
1066 1349 1171 1385 fictus
1206 1350 1376 1396 vulpinus
1409 1349 1555 1385 interim
1591 1349 1654 1385 ivit

471 1412 626 1447 Micenas
646 1421 731 1446 cum
748 1410 843 1446 salsis
857 1410 968 1446 literis
983 1410 1268 1456 Agamemnonis
1287 1410 1331 1445 ad
1347 1410 1651 1456 Clytemnestram

470 1472 646 1507 simulans
665 1471 889 1518 Iphigeniam
915 1471 1205 1517 desponsandam
1222 1466 1257 1515 θ’)
1278 1470 1416 1515 Achilli,
1437 1482 1549 1516 quam
1573 1481 1653 1506 ma-

471 1536 526 1567 ter
553 1532 708 1568 libenter
735 1531 832 1567 dedit
859 1542 944 1567 cum
972 1531 1051 1567 viro
1079 1531 1267 1566 clarissimi
1289 1531 1445 1566 nominis
1465 1535 1578 1577 nupta
1598 1531 1652 1567 vi—

470 1592 631 1628 deretur.
662 1592 775 1638 Ulyxe
804 1602 952 1627 reverso
981 1602 1066 1626 cum
1095 1591 1280 1637 Iphigenia
1298 1591 1344 1626 ad
1363 1591 1487 1627 lucum
1516 1591 1652 1636 Dianae,

470 1652 724 1698 Agamemnon
753 1651 908 1686 naturali
928 1650 1061 1696 pietate
1081 1651 1226 1685 volebat
1245 1650 1384 1697 fugere,
1406 1662 1451 1686 ne
1471 1655 1545 1686 tam
1565 1661 1652 1686 cru-

470 1711 540 1746 deli
567 1710 807 1746 immolationi
835 1711 1035 1755 interesset,
1064 1710 1146 1746 licet
1172 1711 1303 1746 Nestor
1327 1721 1390 1746 rex
1419 1711 1652 1756 amplissimae

470 1770 675 1806 autoritatis
703 1770 959 1806 facundissima
991 1771 1158 1806 oratione
1192 1765 1391 1815 1·etinuit(4jjr
1426 1781 1524 1806 eum.
1558 1771 1650 1807 Cum

471 1841 560 1877 ergo
588 1831 720 1877 Ulyxes
740 1834 775 1866 et
794 1831 978 1867 Menelaus
1001 1841 1086 1866 cum
1107 1831 1302 1867 Calchante
1325 1830 1505 1878 virginem
1525 1832 1571 1868 ad
1593 1843 1652 1868 sa-

470 1891 647 1926 crificium
675 1891 899 1927 adornarent
925 1895 1005 1926 orta
1034 1895 1088 1927 est
1116 1891 1285 1928 terribilis
1309 1896 1505 1938 tempestas
1524 1893 1649 1938 valde3

470 1962 586 1997 quare
613 1952 797 1988 Menelaus
824 1956 860 1988 et
887 1952 972 1988 socii
1002 1952 1037 1987 in
1072 1963 1206 1999 magna
1237 1953 1476 1998 perplexitate
1511 1953 1650 1989 nescie—

468 2013 555 2048 bant
582 2013 668 2058 quid
695 2017 858 2060 agerent.
887 2013 929 2048 Et
956 2023 1042 2049 ecce
1071 2023 1140 2048 vox
1169 2013 1213 2048 de
1240 2014 1341 2059 sylva
1368 2013 1491 2049 audita
1511 2017 1576 2059 est,
1596 2013 1650 2049 di-

468 2084 566 2118 cens,
587 2074 657 2109 tale
675 2084 793 2121 genus
812 2073 976 2110 sacrificii
998 2084 1069 2109 non
1089 2074 1234 2120 placere
1253 2074 1349 2118 Deae,
1368 2073 1447 2109 ideo
1464 2073 1650 2110 abstinen—

468 2133 555 2168 dum
575 2144 597 2169 a
619 2144 774 2179 corpore
803 2134 963 2180 virginis,
984 2134 1069 2179 quia
1098 2134 1351 2180 Agamemnon
1379 2134 1498 2169 lueret
1525 2145 1650 2180 poenas

469 2193 596 2239 dignas
628 2194 674 2229 ab
707 2205 824 2230 uxore
853 2198 931 2241 post
958 2187 1104 2240 captam
1133 2194 1296 2238 Troiamg
1325 2194 1387 2229 sed
1416 2194 1651 2231 immolarent

532 2286 559 2315 ς’)
577 2287 606 2309 E.
625 2293 738 2316 capram.
1071 2286 1097 2317 (²)
1117 2287 1146 2311 E.
1165 2294 1277 2317 capram.

532 2324 557 2354 [³]
576 2325 605 2348 E.
623 2324 810 2354 desponsatam.
1072 2327 1097 2355 (⁵)
1115 2326 1145 2349 Ε
1164 2327 1309 2350 retinuerit.
