1737 2836
503 186 640 212 CANTUS
666 186 836 212 ocrAvus.
1188 181 1258 212 485

85 262 165 307 tria,
183 260 330 308 Juvenis
358 259 481 306 viginti
510 259 672 305 quinque
698 269 903 304 annorum,
924 259 985 304 qui
1013 262 1101 294 tunc
1127 258 1259 294 ardens

83 332 223 367 amore,
252 331 385 356 vacans
412 320 508 355 sonis
541 323 576 355 et
609 320 786 365 cantibus,
814 319 917 354 uncis
948 319 1084 354 amoris
1111 329 1259 365 prome-

85 381 156 416 ruit
184 381 341 427 gratiam
369 380 469 415 istius
492 379 639 425 juvenis
667 379 801 414 Caroli:
829 379 891 414 sed
919 379 1070 414 Carolus
1098 379 1164 415 iste
1185 389 1259 414 uno

85 444 120 476 et
151 441 281 476 eodem
313 451 409 475 anno
444 439 595 475 reddidit
628 438 789 474 animam
826 439 901 474 Deo
938 449 1022 474 cum
1058 438 1259 474 Clementia

86 511 203 536 uxore
230 511 307 535 sua.
336 500 439 534 Nunc
466 499 510 534 ad
538 499 681 534 literam
705 508 810 545 ergo:
841 498 959 543 primo
978 501 1083 544 poeta
1105 498 1260 534 ostendit

86 560 272 606 quomodo
299 560 355 594 hic
382 559 533 595 Carolus
553 558 710 604 benigne
728 557 901 593 obtulerit
920 568 958 593 se
977 558 1041 593 sibi
1066 559 1111 594 ad
1138 558 1259 593 onmia

86 623 204 666 grata,
231 619 369 655 dicens:
400 620 492 662 Indi,
520 619 621 663 idest,
653 618 794 663 deinde,
821 619 841 652 Γ
859 628 918 659 lm,
950 617 1083 653 scilicet
1110 617 1262 653 Carolus

86 680 280 724 Martellus,
310 683 345 715 et
371 679 503 714 dicitur
530 679 693 724 Carolus,
722 678 825 723 qnasi
843 675 877 722 U)
908 687 1036 713 carens
1064 677 1136 723 lue,
1160 677 1262 722 idest,

86 740 168 774 labe
196 739 381 783 vitiorum,
409 740 439 773 si
461 741 533 784 fece
553 736 616 783 pi&
640 749 763 782 presso
791 748 813 772 a
840 739 911 781 not,
937 737 1022 782 quia
1050 738 1263 784 recognovit

87 802 269 844 autorem,
298 810 315 833 e
341 800 414 833 solo
446 794 664 841 inconcinni),
691 799 818 844 supple
854 798 987 842 dicere,
1020 797 1161 832 caeteris
1196 807 1263 832 au-

87 859 267 894 dientibus
295 863 330 894 et
358 859 649 904 quiescentibus:
686 860 759 893 lulli
791 869 863 892 sem
893 859 1018 902 presle',
1050 868 1094 893 ex
1131 857 1263 892 ardore

87 919 258 964 caritatis,
292 921 329 953 al
363 923 419 954 leco
450 921 584 963 placer,
608 915 735 962 perche*
759 919 795 952 cli
831 919 889 952 noi
922 919 946 952 {25
977 919 1060 962 moi,
1091 917 1192 962 idest,
1226 921 1263 952 ut

87 979 239 1024 recipias
267 979 471 1024 profectum
500 978 603 1013 nobis
618 973 666 1022 ὅ),
682 980 718 1012 et
746 977 882 1012 referas
910 977 987 1012 aliis
1006 977 1129 1012 audita
1149 976 1264 1023 gloria

89 1042 224 1073 nostra.
253 1039 295 1073 Et
323 1038 482 1084 assignat
512 1048 661 1073 causam
697 1047 813 1082 quare
850 1041 935 1072 sunt
967 1031 1063 1080 itaff)
1095 1036 1263 1082 prompti,

89 1098 174 1143 quia
202 1098 331 1133 ardent
358 1108 485 1133 omnes
507 1107 636 1132 amore
662 1097 794 1141 divino,
815 1097 906 1132 sicut
935 1096 969 1131 in
999 1096 1135 1131 mundo
1162 1106 1264 1132 arse—

89 1161 176 1193 runt
193 1152 227 1202 (ἢ
257 1168 385 1193 amore
415 1168 518 1192 vano.
548 1157 649 1192 Unde
671 1156 773 1191 dicit:
795 1158 854 1190 ηοί
876 1158 906 1190 σι’
928 1157 1076 1199 rolffl'am
1096 1157 1145 1190 co*
1160 1157 1264 1200 prin—

89 1219 155 1262 cipi
176 1219 299 1261 celesti,
320 1218 420 1262 idest,
443 1227 638 1252 movemur
658 1220 760 1251 motu
781 1216 1011 1261 thronorum,
1033 1216 1094 1261 qui
1115 1220 1264 1252 movent

90 1277 184 1312 istud
225 1277 377 1322 coelum,
418 1278 511 1311 d’zm
553 1280 656 1319 molo,
692 1277 785 1310 cl’zm
819 1277 943 1319 {lirare
978 1287 995 1310 e
1030 1277 1148 1310 d’zma
1183 1280 1262 1320 sete,

90 1337 191 1382 idest,
223 1348 298 1372 uno
340 1341 454 1382 motu,
487 1337 733 1381 circulatione,
771 1339 807 1371 et
846 1335 1034 1371 desiderio.
1076 1336 1127 1371 Ad
1167 1337 1265 1382 quod

89 1403 173 1435 nota
201 1400 298 1445 quod
325 1403 434 1435 autor
470 1400 547 1434 vult
582 1398 679 1444 quod
708 1408 840 1433 novem
869 1397 1014 1433 ordines
1048 1398 1265 1444 augelorum

88 1461 398 1506 correspondeant
431 1470 563 1495 novem
598 1459 711 1505 speris
743 1459 936 1503 coelorum,
968 1458 1061 1493 sicut
1097 1462 1196 1504 patet
1231 1458 1266 1493 in

89 1521 157 1555 hoc
191 1520 294 1555 libro.
336 1521 378 1554 Et
416 1523 454 1554 ut
496 1519 620 1554 reddat
656 1522 825 1553 autorem
868 1521 1049 1553 attentum
1087 1521 1268 1553 memorat

89 1580 168 1624 sibi,
196 1579 293 1625 quod
321 1579 395 1624 ipse
422 1579 507 1614 olim
537 1579 572 1613 in
606 1578 676 1613 vita
712 1577 799 1612 dum
837 1580 931 1612 esset
963 1580 1152 1612 amoratus
1179 1577 1269 1613 affe—

89 1644 216 1676 ctuose
243 1639 373 1674 direxit
401 1648 609 1674 sermonem
639 1648 749 1673 suum
777 1637 821 1673 ad
850 1637 936 1672 istos
963 1638 1131 1684 angelos,
1153 1641 1188 1673 et
1215 1637 1269 1672 di-

90 1700 156 1735 cit:
185 1701 221 1734 ai
251 1701 357 1743 quali,
390 1699 535 1743 scilicet,
570 1698 802 1744 principibus,
840 1702 873 1732 lu
907 1699 963 1732 nel
993 1699 1134 1741 momlo,
1167 1698 1269 1742 idest,

91 1770 175 1795 cum
204 1769 285 1794 eras
313 1759 347 1793 in
376 1758 513 1793 mundo
548 1758 692 1793 mortali
725 1758 760 1792 in
797 1758 914 1803 terris,
948 1753 1007 1802 yid
1039 1759 1179 1793 dicasti:
1214 1760 1270 1792 vot*

91 1821 150 1855 che
178 1820 381 1854 'nlenclendo
416 1820 442 1852 il
476 1822 572 1853 terzo
599 1819 662 1853 ciel
688 1821 827 1862 movele,
859 1818 960 1862 idest,
989 1828 1010 1852 o
1038 1828 1102 1853 vos
1138 1817 1270 1852 intelli-

91 1880 235 1927 genuae,
265 1889 348 1925 quae
376 1878 530 1913 movetis
558 1877 702 1913 tertiam
730 1888 875 1923 speram
895 1877 1064 1913 Veneris:
1094 1877 1188 1912 istud
1215 1881 1269 1913 est

92 1939 309 1986 principium
340 1938 448 1973 unius
475 1937 662 1982 cantionis,
683 1948 795 1982 quam
823 1940 932 1972 autor
960 1937 1042 1972 fecit
1069 1937 1113 1972 de
1141 1948 1269 1974 amore

92 2011 160 2036 suo
187 2000 222 2034 in
245 2000 453 2045 juventute,
482 1997 544 2032 ubi
571 1997 770 2042 alloquitur
803 1996 915 2031 dictas
953 1996 1206 2042 intelligentias
1233 1997 1268 2032 in

92 2059 233 2106 plurali,
263 2059 347 2104 quia
375 2069 447 2093 non
471 2057 633 2103 loquitur
652 2057 697 2092 ad
718 2056 867 2092 modum
889 2056 1087 2102 philosophi
1111 2057 1173 2102 qui
1194 2058 1269 2093 vult

93 2118 192 2164 quod
221 2129 292 2153 una
321 2128 425 2163 spera
454 2117 585 2153 habeat
612 2117 729 2152 solum
756 2127 867 2151 unam
891 2116 1163 2162 intelligentiam
1189 2128 1269 2153 mo-

156 2212 183 2241 (¹)
201 2211 228 2234 E.
247 2211 305 2241 quia
324 2218 421 2235 carens.
644 2210 669 2239 (¹)
688 2210 717 2233 E.
734 2216 749 2233 e
767 2212 789 2238 4,
806 2216 838 2233 ex
855 2210 933 2233 nobis.

157 2249 183 2279 (³)
201 2252 223 2276 4,
243 2250 283 2273 isti
301 2250 422 2280 prompti.
646 2248 672 2279 (⁴)
690 2249 719 2272 E.
737 2251 896 2273 exarserunt.
