1737 2836
363 251 499 277 CANTL‘S
527 250 717 275 VlGESIML's
743 249 912 274 OCTAVL'S.
1153 241 1220 272 169

56 325 175 361 statim
203 335 288 360 cum
318 324 383 358 suit
410 324 445 358 in
472 323 560 369 ripa,
590 318 624 357 [ἀ
644 324 730 357 ἀοι-ε
756 324 777 357 I’
791 322 870 357 erbe
887 331 973 356 sono
1000 321 1148 364 baynczle
1165 313 1223 363 9ίὰ

55 386 136 420 dall'
152 386 240 419 oncle
267 385 322 418 del
346 384 399 418 bel
418 384 535 427 fizcme,
564 382 708 427 scilicet,
736 381 882 417 Lethaei.
912 381 953 416 Et
976 379 1225 426 superexaltat

55 444 335 490 pulcritudinem
363 443 464 478 istius
490 442 646 478 dominae
669 441 912 487 multiplicans
933 440 1225 486 comparationes

56 504 210 550 pulcras.
246 504 288 538 Et
323 503 368 538 ad
403 502 685 538 declarationem
722 501 823 535 istius
860 500 1139 546 comparationis
1171 502 1226 534 est

55 564 253 608 sciendum,
283 563 380 609 quod
406 562 552 597 Ovidius
580 561 680 608 fingit
707 561 742 595 in
771 561 801 595 X
832 560 985 605 Maioris,
1014 559 1110 605 quod
1138 569 1222 594 cum

56 623 192 669 Cupido
226 623 317 658 filius
350 622 499 658 Veneris
530 621 760 657 oscularetur
791 623 946 655 matrem
980 619 1118 665 sagipta
1150 629 1225 654 una

56 683 205 718 exiliens
232 683 276 718 de
303 683 473 728 pharetra
500 681 677 728 percussit
707 691 790 716 eam
818 681 853 715 in
880 684 1050 725 pectore3
1078 690 1123 715 ex
1152 689 1225 724 quo

56 742 178 778 Venus
203 752 355 777 accensa
383 752 522 787 amore,
550 741 627 777 viso
653 741 778 776 Adone
804 740 1066 776 formosissimo
1088 740 1226 785 juvene

57 801 128 837 filio
143 802 297 848 Myrrhae
324 801 496 837 ardenter
522 801 705 836 adamavit
732 800 846 845 illum,
867 810 977 845 quem
1000 799 1154 835 finaliter
1174 800 1227 835 la-

57 861 196 896 niatum
223 861 269 896 ab
290 871 379 907 apro
402 862 523 896 Venus
542 860 720 896 convertit
738 860 774 895 iu
793 861 934 895 ssorem.
954 859 1057 894 Modo
1078 859 1123 894 ad
1142 869 1227 905 pro-

58 922 227 967 positum,
247 925 286 956 ut
308 921 429 957 videas
449 925 627 967 quantum
648 921 872 966 comparatio
895 921 938 954 sit
959 919 1102 964 decens,
1122 923 1227 965 poeta

59 982 133 1016 vult
153 981 273 1017 dicere
294 981 391 1026 quod
418 981 509 1016 sicut
528 981 661 1025 Venus7
682 991 765 1025 (111ae
784 980 916 1015 dicitur
940 985 1058 1015 mater
1081 979 1227 1023 amoris,

58 1044 111 1076 est
137 1041 182 1076 de
208 1051 247 1076 se
274 1050 418 1086 semper
445 1041 571 1086 pulcra
598 1044 633 1075 et
660 1050 799 1085 amans,
821 1043 943 1075 tamen
971 1049 1144 1084 percussa
1171 1049 1229 1074 sa-

57 1101 154 1148 gipta
182 1100 242 1136 filii
274 1100 349 1135 visa
380 1104 434 1135 est
465 1099 542 1136 fieri
574 1100 735 1146 pulcrior
766 1103 802 1135 et
829 1099 1027 1143 amantior;
1056 1099 1104 1134 ita
1132 1109 1229 1134 nunc

58 1160 204 1196 domina
230 1160 296 1196 ista
323 1164 427 1206 capta
453 1170 581 1196 amore
608 1164 724 1206 poetae
743 1160 804 1205 qui
824 1159 958 1205 placuit
985 1159 1048 1194 sibi
1069 1169 1140 1194 non
1161 1159 1230 1193 mi-

60 1231 127 1255 nus
155 1230 266 1265 quam
294 1220 425 1255 Adonis
452 1220 596 1265 Veneri,
625 1220 709 1265 quia
738 1230 873 1266 magno
906 1219 1030 1254 labore
1063 1229 1126 1264 per
1158 1219 1230 1265 syl-

59 1290 142 1315 vam
172 1280 340 1315 tendebat
362 1280 407 1315 ad
427 1279 701 1325 acquisitionem
724 1279 878 1323 virtutis,
897 1279 973 1314 visa
992 1282 1045 1314 est
1067 1279 1133 1314 sibi
1152 1278 1230 1314 fieri

58 1340 219 1385 pulcrior
238 1343 273 1375 et
291 1340 482 1384 amantior,
499 1350 611 1385 quam
631 1344 725 1375 esset
743 1339 871 1385 primo.
892 1339 982 1374 Dicit
1001 1349 1090 1385 ergo
1108 1342 1229 1385 poeta:

62 1402 138 1435 Non
166 1401 270 1434 credo
297 1401 355 1434 elce
382 1404 475 1434 [aulo
495 1401 595 1443 lame,
614 1399 714 1444 idest,
735 1402 832 1434 tauta
853 1399 1010 1444 claritas,
1037 1400 1232 1443 splendesse

60 1464 146 1494 sollo
174 1461 203 1494 le
228 1461 337 1503 cz'ffle'e,
365 1460 510 1504 scilicet,
537 1459 573 1494 in
600 1460 725 1504 oculis,
761 1470 783 1493 a
819 1462 944 1494 Venere
974 1461 1118 1504 lrafilca,
1146 1468 1231 1494 cum

61 1519 198 1566 sagipta
225 1529 349 1563 aurea,
378 1520 440 1553 dal
460 1521 571 1563 figlio,
598 1519 744 1564 scilicet,
771 1519 957 1564 Cupidine,
979 1522 1063 1564 secor
1090 1521 1126 1553 (1ιῖ
1152 1522 1233 1554 tutto

60 1590 122 1614 suo
147 1582 314 1623 coslnme;
341 1578 426 1624 quia
454 1579 550 1614 ultra
577 1579 723 1613 solitum
752 1579 931 1614 transfixit
952 1589 1016 1614 cor
1036 1579 1115 1614 eius
1134 1579 1233 1624 plus-

61 1649 171 1684 quam
199 1638 313 1674 soleat
338 1638 427 1674 alios
454 1638 661 1674 vulnerare.
691 1639 733 1674 Et
764 1639 858 1674 bene
888 1638 972 1674 dicit
1004 1639 1089 1684 quia
1116 1638 1233 1673 multo

64 1698 275 1734 luminosior
310 1702 363 1734 est
399 1709 505 1734 amor
543 1699 684 1734 virtutis
718 1699 879 1734 honestae
915 1709 1027 1744 quam
1063 1707 1233 1734 venereae

64 1759 267 1804 voluptatis,
287 1762 631 1804 quantumcumque
653 1759 787 1795 femina
807 1759 1026 1805 pulcerrima
1054 1759 1232 1795 videatur.

64 1819 105 1853 Et
132 1818 251 1853 subdit
277 1822 400 1853 actum
424 1818 527 1853 dictae
548 1819 717 1864 domiuae,
736 1819 877 1855 dicens:
900 1821 980 1863 ella,
998 1819 1142 1864 scilicet,
1160 1820 1234 1854 Ma-

65 1877 191 1922 tliildis⁷
219 1879 332 1921 ra'clea,
359 1877 445 1922 quia
472 1878 674 1914 delectatur
692 1875 726 1923 (¹)
763 1879 798 1913 in
834 1889 946 1924 opere
973 1879 1126 1924 virtutis,
1155 1880 1234 1913 clal-

65 1939 185 1972 l’allra
203 1938 282 1971 rit-a
299 1938 418 1981 (Ινῖίία,
434 1947 477 1972 ex
498 1938 661 1983 opposito
680 1938 763 1983 mei,
781 1942 821 1973 ut
838 1949 980 1984 possem
998 1942 1096 1973 recte
1111 1937 1235 1973 vIdere

65 1996 224 2032 studium
253 1996 341 2041 eius,
367 1997 514 2031 traemlo
529 1995 589 2041 ρι’ἲι
607 1998 728 2040 colori,
748 1997 849 2042 idest,
869 1998 976 2033 ssores
1003 1998 1233 2033 diversorum

66 2056 242 2100 colorum,
270 2067 333 2090 con
361 2057 390 2090 le
416 2067 473 2091 sue
500 2058 608 2100 mani,
635 2058 706 2100 che,
734 2056 834 2102 idest,
864 2068 955 2103 quos
987 2058 1104 2102 flores,
1133 2059 1235 2093 l’alca

67 2120 174 2160 terra,
202 2126 274 2160 qua
303 2116 400 2151 nulla
428 2119 481 2152 est
507 2117 625 2162 altior⁷
652 2127 761 2151 senza
786 2128 876 2153 seme
901 2119 999 2162 (licta,
1026 2118 1126 2163 idest,
1150 2129 1236 2164 pro-

67 2176 238 2212 ducit.—
257 2179 331 2211 Tre.
360 2176 423 2212 Hic
454 2181 559 2222 poeta
590 2177 744 2213 ostendit
776 2178 993 2214 immensam
1026 2178 1235 2214 aviditatem

130 2305 155 2335 (¹)
175 2305 203 2328 E.
222 2305 406 2330 delectabatur.
