1737 2836
389 212 526 237 CANTUS
553 212 742 237 VIGESIMUS
769 212 908 237 PRIMUS.
1184 209 1204 239 2
1212 210 1226 239 1

66 283 113 319 cit
140 293 248 329 ergo:
281 280 345 318 Gici
371 285 608 328 s’inclzinaca,
640 284 699 319 ille
725 283 859 319 Statius
891 284 1055 319 urbanus
1083 288 1118 320 et
1144 295 1231 331 gra—

66 346 134 388 tus,
162 345 210 378 ad
236 344 443 378 abbrncciar
469 345 493 378 le·
513 345 608 387 pierii
634 345 672 378 al
696 345 764 377 mio
794 344 941 387 dottore,
968 343 1074 379 euius
1106 354 1145 379 se
1178 344 1232 379 di—

64 403 242 449 scipulum
270 403 470 450 profitetur.
499 403 541 438 Et
568 403 623 438 hic
652 407 734 438 nota
764 404 860 448 quod
883 407 988 450 poeta
1011 404 1104 440 bene
1132 403 1231 450 fingit

65 462 218 498 Statium
247 462 404 498 voluisse
431 462 673 507 procumbere
691 463 735 498 ad
755 463 863 508 pedes
882 464 1028 510 Virgilii,
1053 464 1138 509 quia
1158 464 1232 510 ipse

66 523 199 574 Statius
232 523 299 558 hoe
335 526 485 557 testatus
521 526 574 557 est
606 522 640 557 in
676 523 769 567 vita3
804 533 887 558 narn
924 524 1085 569 perfeeto
1121 534 1232 570 opere

66 583 193 618 maiori
213 583 308 618 circa
327 582 424 627 quod
443 582 673 618 laboraverat
691 582 883 617 duodecim
906 583 1020 628 annis,
1040 584 1131 619 siout
1151 584 1232 619 Vir-

64 642 169 689 gilius
197 643 232 677 in
258 653 325 677 suo
353 642 534 687 undecim,
553 642 635 678 dicit
654 642 690 677 in
710 642 779 678 fine
802 643 893 678 libro
912 653 998 678 suo:
1021 646 1088 678 Nec
1116 648 1148 678 [ιι
1175 647 1231 679 (Ιί-

64 704 180 737 υἱηαηι
207 703 339 737 Enez‘cla
367 706 489 746 [empta
517 703 583 737 Sed
608 704 710 746 lonye
739 712 880 746 sequere
910 706 942 737 el
974 704 1114 746 vessima
1140 714 1231 738 sem—

56 774 123 808 per
149 764 275 797 adora.
303 763 345 797 Et
372 762 490 797 subdit
507 759 555 807 (¹),
582 762 767 807 quomodo
795 762 963 808 Virgilius
997 763 1178 798 remiserit
1193 759 1228 807 (2)

61 822 228 868 Statium,
254 823 395 858 dicens:
424 833 481 857 ma
500 824 567 865 elli,
589 822 733 867 scilicet,
754 822 933 868 Virgilius,
957 824 1067 857 disse:
1085 834 1106 857 o
1121 825 1230 868 frate,

61 893 129 917 71on
146 884 221 928 sar,
238 892 315 917 rem
336 877 525 926 vanamf'),
541 880 600 917 che*
612 886 646 917 [a
659 882 834 916 se’ombrct
849 892 866 916 e
880 882 1002 916 ombra
1021 884 1112 917 vecti:
1127 883 1230 927 quasi

60 942 173 978 dicat:
202 946 358 987 uterque
384 945 550 977 nostrum
578 945 631 977 est
657 941 778 976 anima
805 945 971 987 separata
999 942 1229 988 intangibssis,

62 1002 283 1038 insensibilis.
311 1001 447 1037 Deinde
472 1001 566 1046 dicit,
595 1001 692 1046 quod
721 1001 855 1036 Statius
870 995 905 1045 (4)
940 1002 1081 1037 urbane
1115 1012 1229 1037 exeu—

61 1063 152 1098 savit
179 1072 344 1098 errorem
377 1072 504 1106 suum3
533 1061 630 1096 unde
662 1061 765 1096 dicit:
793 1065 825 1096 ec
853 1064 895 1105 et,
923 1062 1068 1107 scilicet,
1096 1062 1230 1097 Statius

61 1122 261 1168 respondit:
295 1123 483 1165 suryenclo,
520 1132 563 1156 or
591 1123 676 1166 pzcoi
707 1124 936 1166 comprendet·
974 1124 1009 1157 la
1043 1125 1231 1167 qucmlc'late

62 1184 268 1226 dell’amor,
295 1181 446 1226 ardenti,
475 1182 558 1216 clt'a
585 1185 615 1216 te
641 1183 687 1216 mi
717 1183 851 1225 scalda,
879 1182 924 1217 ad
955 1182 1153 1217 amandum
1183 1186 1229 1227 te,

61 1243 201 1286 quando
227 1243 393 1276 ‹Iismento
420 1244 541 1276 nostra
569 1242 730 1284 vanitate,
753 1241 854 1286 idest⁷
873 1241 1066 1277 obliviscor
1085 1246 1228 1277 naturae

63 1305 305 1346 mortuorum,
333 1301 394 1346 qui
421 1304 505 1335 sunt
533 1300 614 1335 vani
632 1296 680 1345 (5),
709 1301 815 1335 vacui
842 1311 1007 1346 corpore,
1049 1304 1228 1337 tractando

60 1363 226 1405 l’ombre,
253 1361 353 1406 idest,
384 1361 524 1395 animas
555 1361 635 1396 licet
667 1360 842 1405 visibiles3
874 1372 968 1396 come
999 1372 1081 1396 cosa
1111 1363 1227 1406 εαίάα,

63 1422 161 1466 idest,
189 1431 415 1466 corpoream,
443 1420 660 1456 sensibilem.

123 1547 138 1575 (¹
166 1547 195 1569 E.
214 1546 245 1570 Et
263 1546 346 1569 subdit
364 1549 440 1570 autor
456 1547 594 1576 quomodo.
730 1546 755 1575 (²)
773 1546 797 1570 S.
816 1547 961 1570 retraxerit.

122 1585 146 1613 (⁸)
165 1585 194 1608 E.
212 1591 327 1608 vacuam.
728 1585 754 1614 (¹)
773 1586 825 1613 117,
843 1584 938 1608 Statius
955 1585 1037 1609 voluit
1054 1592 1185 1609 excusare.

123 1623 148 1652 1³]
166 1623 195 1647 E.
214 1623 271 1647 vani
288 1626 313 1646 et
330 1630 439 1653 corpore
457 1623 537 1651 vacui,
557 1623 694 1646 tranando.
