1766 2856
505 225 575 257 266
841 227 1047 253 COMENTUM
1073 225 1293 252 PERGATORII

504 440 668 473 CANTUS
701 438 960 471 TRIGESIMUS
995 437 1177 469 TERTIUS
1208 437 1262 468 ET
1294 436 1485 469 ULTIMUS
1519 437 1680 469 PURGA-

580 496 706 535 TORII,
732 496 766 526 in
789 505 848 535 quo
872 494 1010 526 Beatrix
1034 494 1206 525 declaravit
1235 493 1341 524 omnia
1364 492 1476 530 Danti,
1502 493 1539 524 de
1570 493 1679 533 aquila

574 552 733 592 praedicta
757 553 785 582 et
808 550 846 582 de
868 550 959 589 vulpe
975 552 1004 581 et
1022 550 1059 581 de
1079 550 1208 590 yiyante
1225 552 1252 580 et
1269 549 1435 586 meretrice,
1461 551 1489 580 et
1513 549 1550 580 de
1574 549 1679 580 multis

579 608 694 647 fiendis
704 618 766 647 per
782 606 945 647 quemdam
961 606 1068 637 ducem
1081 608 1261 643 vmztarmm
1276 607 1304 636 et
1321 606 1355 635 in
1371 605 1434 644 fine
1450 605 1527 635 visis
1544 608 1679 645 quatuor

579 663 764 702 fluminibus
781 662 942 702 paradisi,
967 662 1130 693 eoeiverant
1155 661 1197 692 ad
1222 661 1387 692 videndum
1410 660 1529 692 stellas.

581 794 755 882 Det-s,
786 842 952 874 venerunt
984 841 1114 882 yences,
1150 839 1371 873 alternando.
1410 838 1608 883 Postquam
1643 838 1680 873 in

503 898 682 944 superiori
716 898 875 943 capitulo
908 901 1015 943 poeta
1052 901 1175 933 noster
1210 897 1397 943 descripsit
1434 898 1681 944 multipliciter

503 958 795 1004 persecutionem
821 958 1006 993 militantis
1031 957 1204 1003 ecclesiae,
1225 968 1322 993 nunc
1349 962 1618 1003 consequenter
1645 958 1681 993 in

501 1019 569 1054 isto
597 1019 739 1053 XXXIII
767 1018 924 1064 capitulo
951 1018 1120 1053 describit
1148 1018 1334 1064 planctum
1365 1029 1476 1063 quem
1515 1018 1680 1054 fecerunt

503 1079 570 1114 illae
598 1078 754 1113 dominae
782 1088 867 1113 cum
896 1077 1059 1114 Beatrice
1078 1078 1123 1113 de
1142 1078 1396 1124 persecuti0ne
1420 1078 1547 1114 ultima
1567 1089 1679 1124 quam

502 1138 648 1185 indigne
675 1138 810 1184 patitur
843 1138 995 1173 ecclesia
1030 1148 1182 1173 romana
1216 1148 1236 1173 a
1272 1138 1419 1184 regibus
1449 1135 1677 1182 Fraiiciae(¹).

504 1199 546 1235 Et
577 1198 670 1233 istud
703 1208 860 1244 praesens
893 1198 1063 1233 ultimum
1092 1198 1305 1244 capitulum,
1339 1198 1437 1244 quod
1472 1209 1543 1234 non
1573 1199 1681 1234 babet

505 1260 625 1294 minus
656 1259 742 1294 artis
775 1259 1014 1305 praecedente,
1050 1259 1217 1304 sequitur
1249 1259 1368 1304 ipsum
1401 1259 1437 1294 in
1464 1259 1591 1295 ordine
1627 1259 1681 1294 di-

504 1319 658 1355 videndi.
683 1319 797 1354 Habet
825 1329 914 1365 ergo
941 1322 1101 1364 quatuor
1130 1322 1249 1364 partes
1276 1319 1486 1365 generales3
1507 1319 1624 1365 prima
1641 1314 1676 1363 (²)

504 1390 663 1425 quarum
702 1379 862 1415 continet
898 1379 1166 1425 comploratum
1207 1379 1460 1424 dominarum,
1500 1382 1536 1415 et
1575 1389 1681 1414 suam

504 1439 808 1486 praepziratIOnem
843 1442 878 1474 et
913 1439 1047 1474 bonam
1083 1439 1354 1484 dispositionem
1396 1450 1502 1474 suam
1541 1439 1587 1475 ad
1627 1439 1681 1475 di-

504 1499 628 1535 cenda.
658 1500 696 1534 In
723 1498 881 1534 secunda
902 1498 1047 1534 BeatrIx
1067 1499 1227 1544 praedicit
1246 1509 1312 1544 pro
1331 1499 1577 1535 consolatione
1602 1499 1682 1534 vin-

504 1559 636 1594 dictam
666 1562 909 1603 sequuturam
938 1558 973 1593 In
1006 1558 1120 1603 brevi,
1148 1558 1219 1593 ibi:
1255 1560 1364 1603 sappi
1394 1560 1453 1593 che
1471 1561 1495 1594 'l
1520 1570 1615 1593 vaso.
1644 1559 1682 1593 In

505 1619 609 1654 tertia
637 1619 760 1664 arguit
788 1618 1045 1664 negligentiam
1069 1622 1105 1653 et
1125 1618 1320 1654 ruditatem
1350 1623 1466 1664 poetae
1493 1619 1528 1654 in
1552 1619 1682 1655 intelli-

504 1678 623 1724 gendo
651 1688 708 1713 res
736 1678 840 1722 visas,
861 1678 927 1713 ibi:
957 1681 1089 1712 Dorme
1116 1679 1149 1712 Io
1167 1679 1325 1721 ’nyeyna
1348 1679 1385 1713 In
1405 1682 1535 1724 quarta
1563 1683 1597 1714 et
1625 1679 1682 1714 ul-

505 1738 591 1773 tima
612 1741 717 1783 poeta
737 1737 891 1773 ostendit
911 1738 1068 1783 qualiter
1090 1737 1164 1783 ipse
1187 1738 1395 1783 pervenerit
1422 1738 1466 1773 ad
1494 1749 1679 1774 summam

505 1803 540 1835 et
568 1799 733 1833 ultimam
770 1798 1029 1844 perfectionem
1059 1798 1213 1842 virtutis,
1250 1798 1321 1833 ibi:
1362 1801 1390 1833 E
1415 1796 1475 1843 ρίΐι
1501 1809 1678 1834 corrusco.

505 1859 557 1894 Ad
584 1859 743 1904 primum
772 1868 861 1904 ergo
888 1858 968 1893 dico
997 1858 1093 1903 quod
1118 1862 1222 1903 poeta
1250 1858 1368 1904 primo
1390 1858 1560 1894 describit
1578 1869 1681 1894 com-

505 1919 687 1964 ploratum
706 1918 850 1953 illarum
866 1917 1110 1952 dominarum.
1128 1918 1169 1952 Et
1186 1918 1448 1953 sententIaIiter
1464 1918 1541 1953 vult
1559 1918 1681 1954 dicere

506 1979 603 2024 quod
631 1978 699 2013 illae
726 1977 883 2013 domium
911 1988 954 2013 ex
974 1977 1100 2013 dolore
1124 1978 1307 2023 plorantes
1332 1981 1524 2023 coeperunt
1550 1978 1681 2013 decan-

507 2043 584 2074 tare
612 2049 726 2073 unum
745 2034 780 2082 (³)
806 2038 986 2084 psalmum
1010 2038 1121 2072 David
1141 2037 1203 2083 qui
1224 2037 1364 2083 incipit:
1387 2040 1490 2081 Deus,
1518 2042 1684 2072 venerunt

506 2102 620 2141 (sentes
648 2100 682 2132 ιῗη
709 2099 943 2133 lzoereditatem
970 2101 1065 2132 taam
1093 2101 1160 2133 etc.
1191 2097 1228 2132 ln
1256 2108 1330 2142 quo
1362 2097 1508 2142 quidem
1544 2097 1683 2143 psalmo

571 2211 597 2239 ζ’)
619 2213 670 2238 117,
690 2211 848 2234 francorum.

569 2250 595 2277 (Ἰ
614 2249 641 2271 Ε.
660 2249 684 2271 In
704 2249 784 2278 prima
802 2256 911 2279 quarum
930 2249 1079 2272 continetur
1098 2249 1212 2279 ploratus
1234 2249 1406 2276 dominarum,
1425 2251 1450 2272 et
1468 2255 1512 2271 sua
1531 2249 1682 2278 pra-paratis)

507 2290 532 2311 et
551 2287 615 2310 bona
634 2287 763 2316 dIspositio
781 2294 825 2309 sua
843 2287 873 2310 ad
891 2287 1006 2310 dicenda.
1215 2286 1241 2316 (⁸)
1258 2286 1287 2309 E.
1306 2294 1387 2309 unum
1405 2294 1435 2310 cx
1453 2286 1556 2316 psalmis
1576 2286 1681 2310 havidis.
