1766 2856
500 247 570 279 382
895 251 1098 276 COMENTUM
1126 250 1291 275 PARAmsl

498 325 588 371 eius,
616 327 710 361 d’zm
738 325 842 359 modo
870 324 994 367 equali.
1024 323 1065 357 Et
1092 322 1212 357 subdit
1243 321 1331 356 alias
1365 321 1456 357 duas
1487 332 1679 368 compara-

498 385 624 430 tiones,
654 394 814 429 quarum
843 393 917 418 una
944 393 983 418 se
1010 382 1119 417 habet
1142 382 1269 417 ordine
1291 392 1470 417 converso
1489 383 1533 417 ad
1556 383 1677 428 aliam,

499 445 638 480 dicens:
667 455 713 478 un
740 454 849 487 agno,
877 442 1013 478 animal
1041 442 1221 486 timidum,
1248 439 1277 476 si
1302 444 1333 477 si
1358 443 1526 488 starebbe,
1548 443 1677 478 eodem

497 504 618 550 modo,
646 506 741 539 incra
767 505 833 539 due
859 504 992 547 brame,
1023 503 1125 548 idest⁷
1154 503 1279 547 sames7
1307 503 1344 537 cli
1370 504 1450 547 fieri
1479 504 1561 548 lupi,
1592 513 1679 538 cum

497 568 621 600 tamen
649 564 757 610 lupus
784 564 828 599 sit
853 563 988 599 animal
1016 564 1119 599 ferox
1146 563 1336 598 inimicum
1364 563 1428 609 ipsi
1456 574 1552 610 agno
1575 574 1680 599 man-

499 628 617 670 sueto,
636 626 842 668 iyualmente
869 625 1038 666 temenclo,
1058 623 1143 669 quia
1172 623 1304 658 scilicet
1334 633 1405 658 non
1432 623 1549 670 magis
1577 623 1681 670 fuge—

500 688 556 720 ret
582 685 628 719 ab
656 695 730 720 uno
758 685 843 730 lupo
871 694 982 729 quam
1017 683 1063 718 ab
1094 683 1176 727 alio,
1205 686 1240 718 et
1271 683 1320 718 sic
1351 686 1464 719 staret
1489 684 1680 729 aequaliter

500 744 648 779 timidus
675 744 710 778 in
739 744 858 779 medio
885 743 1101 778 amborum:
1127 746 1162 778 et
1181 742 1345 778 similiter
1366 753 1411 777 un
1435 753 1533 788 canet,
1552 744 1681 779 avidus

500 804 643 850 praedae,
666 801 695 838 st
716 806 745 839 si
762 804 917 838 scarebbe
943 805 1040 838 intra
1061 804 1130 838 duo
1148 804 1261 847 dame,
1285 802 1476 848 {equaliter
1494 807 1678 850 appetens,

501 864 598 909 quod
633 874 703 899 non
737 864 842 899 citius
876 863 1065 899 invaderet
1098 873 1210 898 unam
1247 873 1359 908 quam
1397 863 1587 908 reliquam.
1621 864 1681 900 Est

500 924 596 959 enim
617 924 725 959 dama
747 923 883 959 animal
911 924 1120 969 parvulum,
1140 922 1320 967 timidum,
1344 923 1450 969 agile,
1473 926 1509 959 et
1536 928 1590 960 est
1615 935 1682 972 ge-

500 995 568 1019 nus
595 984 764 1030 capreoli.
794 984 878 1019 Vult
906 994 995 1030 ergo
1022 983 1145 1019 dicere
1171 983 1269 1028 quod
1296 983 1395 1019 canis
1425 988 1538 1020 staret
1565 985 1682 1021 same-

500 1044 589 1079 licus
617 1043 652 1078 in
681 1043 800 1079 medio
828 1043 989 1079 duorum
1017 1043 1225 1087 clamorum,
1254 1043 1352 1088 quod
1376 1047 1551 1079 neutrum
1574 1045 1683 1080 attin-

499 1107 602 1150 geret
623 1104 651 1139 si
671 1107 830 1149 uterque
850 1104 927 1149 pari
948 1103 1056 1138 modo
1076 1107 1253 1139 moveret.
1275 1104 1344 1139 Sed
1365 1104 1420 1139 hic
1440 1108 1536 1149 nota,
1556 1105 1681 1151 lector,

502 1166 599 1211 quod
620 1165 746 1201 multae
773 1165 997 1211 scrupulosas
1025 1165 1240 1200 subtilitates
1260 1168 1342 1200 sunt
1362 1165 1397 1200 in
1417 1165 1484 1200 isto
1506 1165 1681 1211 capitul03

504 1237 589 1262 nam
626 1226 745 1272 primo
774 1225 877 1260 multi
906 1225 1089 1260 mirantur
1115 1225 1160 1260 de
1193 1235 1237 1260 eo
1265 1225 1362 1270 quod
1393 1229 1502 1261 autor
1533 1225 1618 1261 dicit
1645 1226 1679 1261 in

501 1286 618 1332 prima
647 1285 920 1331 comparatione
939 1285 984 1321 de
1006 1285 1120 1320 libero
1139 1285 1302 1329 arbitrio,
1326 1285 1411 1330 quia
1436 1295 1508 1320 non
1536 1285 1680 1321 videtur

501 1358 644 1383 verum.
674 1346 743 1382 Sed
771 1350 872 1382 certe
890 1346 1100 1381 Aristoteles
1119 1346 1263 1381 videtur
1288 1346 1354 1381 hoc
1377 1346 1499 1381 dicere
1522 1346 1682 1382 secundo

500 1408 581 1443 coeli
609 1412 645 1443 et
672 1407 798 1442 mundi
827 1407 929 1452 quasi
959 1407 1055 1442 circa
1084 1406 1192 1441 finem
1213 1406 1279 1441 ibi:
1299 1406 1463 1442 similiter
1490 1410 1614 1442 autem
1635 1406 1681 1442 ab

500 1467 654 1503 exilibus
682 1471 718 1503 et
749 1467 967 1512 potabilibus
1003 1467 1193 1512 aequaliter
1227 1466 1382 1502 distante
1416 1467 1550 1502 etenim
1584 1467 1682 1502 hunc

502 1527 694 1572 quiescere
722 1527 969 1562 necessarium
998 1530 1051 1562 est
1078 1529 1144 1562 etc.
1174 1526 1216 1561 Et
1242 1526 1391 1561 Ovidius
1420 1526 1543 1561 scribit
1561 1536 1600 1562 se
1618 1536 1682 1572 pa-

503 1587 588 1622 riter
615 1597 744 1622 amare
775 1587 865 1621 duas
902 1597 984 1632 quae
1016 1589 1120 1622 erant
1156 1587 1291 1632 pariter
1328 1587 1509 1631 sormosae,
1547 1586 1683 1632 pariter

500 1647 619 1692 cultae,
648 1647 783 1692 pariter
810 1646 875 1681 sibi
902 1647 1095 1691 placentes,
1125 1647 1172 1681 ita
1202 1646 1299 1690 quod
1328 1646 1512 1682 nesciebat
1539 1656 1682 1691 praepo-

501 1718 589 1743 nere
619 1707 773 1742 alteram
805 1707 919 1741 alteri.
954 1706 1023 1742 Sed
1061 1710 1101 1741 ut
1137 1706 1302 1741 omittam
1340 1710 1494 1749 veteres,
1528 1706 1681 1741 Carolus

504 1771 608 1802 vetus
636 1767 774 1812 primus
801 1777 862 1802 rex
886 1767 1012 1802 Sicilia}
1032 1770 1160 1812 captus
1179 1770 1233 1801 est
1252 1776 1379 1801 amore
1398 1766 1557 1801 ‹luamm
1578 1766 1681 1812 puel-

503 1828 622 1862 larum
645 1827 741 1872 apud
760 1827 959 1873 Neapolim,
980 1837 1062 1871 quet*
1084 1826 1162 1861 {iliae
1182 1826 1361 1861 florentini
1385 1826 1491 1861 simul
1512 1829 1548 1861 et
1567 1826 1680 1862 semel

503 1887 588 1923 visae
621 1890 726 1923 erant
757 1888 850 1923 inter
885 1898 923 1922 se
954 1887 1145 1922 simillima]
1182 1887 1216 1921 in
1253 1887 1381 1931 forma,
1414 1890 1532 1931 aetate,
1566 1887 1681 1931 cultu,

505 1947 640 1992 habitu,
669 1948 716 1983 ita
745 1948 842 1993 quod
870 1947 1053 1983 nesciebat
1088 1948 1207 1983 facere
1242 1947 1456 1982 electionem
1489 1947 1534 1982 de
1564 1947 1681 1982 altera

504 2019 647 2053 carum,
669 2008 752 2053 quia
782 2008 975 2043 videbatur
1003 2008 1127 2043 videre
1154 2018 1265 2043 unam
1296 2007 1329 2041 in
1357 2007 1500 2042 duabus
1527 2010 1562 2042 et
1588 2007 1679 2042 duas

504 2068 538 2102 in
567 2079 662 2103 una:
700 2068 796 2104 unde
829 2068 974 2104 tandem
1012 2068 1047 2103 in
1086 2078 1217 2113 magna
1251 2068 1346 2102 lucta
1380 2067 1511 2101 mentis
1541 2066 1679 2102 delibe-

505 2132 650 2164 raverat
679 2139 809 2174 rapere
845 2132 1066 2173 utramqueg
1095 2128 1156 2163 sed
1186 2127 1376 2173 magnifice
1412 2127 1620 2172 increpatus
1659 2138 1681 2163 a

503 2188 667 2222 (luidone
694 2188 739 2222 ‹le
767 2189 930 2223 ,llonsorti
961 2174 1188 2223 laudabiliter
1218 2190 1358 2222 mutato
1391 2186 1573 2232 proposito
1603 2197 1681 2222 ma·-

506 2247 625 2282 ritaxit
644 2250 679 2281 et
700 2247 837 2283 dotavit
867 2252 1063 2293 utramque
1090 2248 1249 2293 egregie.
1270 2248 1337 2283 Sed
1367 2246 1539 2292 quicquid
1567 2247 1611 2282 sit
1637 2247 1682 2283 de

507 2307 571 2341 ista
599 2307 872 2352 comparatione
900 2319 1047 2353 possum
1076 2308 1207 2353 dicere,
1227 2308 1271 2343 ad
1299 2307 1507 2343 salvandam
1536 2317 1680 2353 semper
