1766 2856
504 229 573 261 478
897 237 1103 264 coMENTUM
1129 240 1294 266 PARADISl

501 306 645 352 sideret,
665 308 880 354 possidendo
908 309 1117 355 frueretur;
1137 314 1173 346 et
1195 322 1278 347 eam
1303 312 1370 348 hoc
1393 313 1501 349 modo
1523 314 1682 351 distinxit

503 371 539 401 ut
566 379 649 413 pars
678 368 712 402 in
740 369 795 403 sui
822 369 981 414 puritate
1008 375 1256 418 permaneret,
1276 372 1411 409 scilicet
1433 375 1575 421 angeli,
1597 386 1681 422 pars

500 428 642 472 corpori
677 429 913 474 jungeretur,
947 430 1083 466 scilicet
1117 432 1251 468 anima.
1291 433 1375 469 Ideo
1411 434 1543 470 animae
1581 447 1682 472 asso-

499 486 601 522 ciatae
621 492 707 522 sunt
728 489 956 535 corporibus,
977 495 1017 525 ut
1036 491 1071 526 in
1099 492 1150 527 eis
1178 492 1449 529 famularentur
1477 495 1551 531 Deo
1568 493 1616 540 ζ’).
1633 517 1682 523 -

500 549 530 581 Ε
555 549 678 592 quinci.
706 549 770 584 Hic
799 550 927 585 ultimo
955 551 1102 587 Beatrix
1127 562 1171 588 ex
1195 553 1297 588 dictis
1316 554 1422 590 docet
1440 566 1600 602 arguere
1621 567 1681 593 re-

498 608 764 645 surrectionem
794 610 1044 646 humanorum
1065 622 1275 658 corporum.
1295 614 1348 649 Ad
1370 615 1467 660 quod
1487 620 1542 652 est
1560 617 1681 663 primo

499 669 699 705 notandum
735 671 834 716 quod
868 673 1044 707 naturalis
1080 674 1261 719 appetitus
1301 685 1373 710 non
1409 676 1546 722 patitur
1581 678 1680 724 quod

497 729 619 764 anima
638 730 683 765 sit
705 731 810 777 plene
829 732 947 777 beata,
969 732 1033 767 nisi
1058 734 1274 769 restituatur
1293 735 1324 770 ei
1344 746 1495 782 corpus:
1516 737 1561 773 ad
1581 739 1679 784 quod

499 791 762 825 resumendum
801 792 908 827 habet
938 794 1154 830 naturaliter
1186 795 1457 832 inclinationem
1491 797 1678 845 insertam,

497 848 581 892 quia
609 850 727 885 omnis
756 861 813 886 res
851 853 907 888 vel
943 853 1037 889 bene
1071 855 1128 890 vel
1164 856 1260 891 male
1294 857 1471 893 merendo
1508 858 1679 896 laborans

495 907 601 944 debet
620 911 772 955 praemio
791 912 967 959 gaudere,
991 915 1047 949 vel
1068 925 1175 960 poena
1195 915 1380 952 damnari:
1400 921 1436 953 et
1454 918 1481 953 si
1501 919 1570 955 alia
1591 930 1678 956 caro

496 968 549 1002 vel
578 969 671 1004 alius
698 971 845 1017 spiritus
873 978 1140 1020 assumeretur,
1161 975 1254 1011 alius
1277 980 1369 1012 esset
1390 978 1500 1013 homo
1520 979 1582 1024 qui
1604 991 1674 1016 non

494 1027 593 1072 prius
621 1036 822 1067 meruerat.
843 1033 934 1068 Dicit
959 1044 1068 1081 ergo:
1089 1038 1120 1070 E
1137 1037 1263 1081 quinci,
1286 1036 1387 1082 idest,
1408 1048 1451 1073 ex
1472 1049 1676 1085 argumen—

495 1088 536 1123 tis
563 1091 732 1136 superius
761 1092 872 1139 sactis,
890 1096 977 1138 puot'
1004 1100 1234 1139 aryomentar
1260 1108 1410 1143 ancora,
1433 1102 1470 1133 tu
1495 1100 1675 1147 theologe,

496 1153 614 1184 rostra
648 1154 888 1197 resurrezion,
922 1156 1145 1191 resurrectio
1181 1160 1235 1192 est
1270 1157 1403 1193 animae
1440 1162 1475 1194 et
1511 1161 1675 1206 corporis

495 1214 613 1246 morte
640 1216 895 1257 separatorum
924 1215 1052 1251 iterata
1081 1216 1298 1253 coniunctio.
1320 1218 1363 1253 Et
1389 1219 1495 1255 docet
1522 1220 1672 1256 modum

492 1271 682 1317 arguendi,
711 1272 851 1309 dicens:
883 1286 920 1310 se
957 1279 990 1310 lu
1025 1278 1169 1321 ripensi,
1198 1277 1299 1323 idest,
1328 1278 1462 1314 iterum
1496 1280 1612 1316 volvis
1639 1282 1673 1316 in

491 1331 615 1367 animo
643 1332 675 1367 id
704 1334 802 1378 quod
830 1335 908 1380 Jam
942 1335 1030 1371 (lixit
1063 1337 1108 1372 de
1140 1338 1326 1374 creatione
1358 1339 1463 1385 primi
1497 1341 1673 1388 hominis3

491 1402 585 1427 come
612 1394 779 1428 l'mnana
806 1405 914 1430 carne
937 1398 1022 1441 fessi
1047 1399 1178 1442 (tllora,
1198 1399 1299 1444 idest,
1320 1400 1412 1435 sacta
1432 1404 1486 1436 est
1513 1402 1673 1448 perfecta

489 1464 511 1488 a
542 1453 618 1488 Deo
652 1454 729 1489 sine
765 1455 885 1491 medio
921 1457 1015 1502 coeli,
1051 1459 1110 1493 che
1145 1460 1169 1494 li
1196 1461 1305 1504 primi
1334 1463 1478 1506 parenti
1510 1463 1676 1498 intrambi

486 1515 585 1557 sensi.
616 1514 700 1549 Vult
727 1515 868 1552 dicere:
898 1519 1120 1554 resurrectio
1139 1520 1310 1566 arguitur
1330 1532 1409 1557 esse
1428 1522 1604 1568 possibilis
1627 1534 1673 1559 ex

488 1574 568 1619 hoc,
597 1575 681 1620 quia
709 1586 863 1621 corpora
892 1578 1065 1614 suscitata
1098 1579 1282 1615 honorum
1319 1581 1405 1617 fient
1438 1583 1559 1628 qualia
1592 1584 1673 1620 sue—

491 1638 575 1669 runt
603 1635 636 1669 in
665 1636 790 1681 primis
818 1638 1041 1683 parentibus,
1065 1649 1149 1684 quae
1172 1640 1263 1675 sacta
1288 1641 1437 1676 suerunt
1460 1642 1671 1680 immediate

487 1705 506 1728 a
536 1695 611 1730 Deo
639 1695 716 1731 sine
742 1697 955 1742 operatione
973 1699 1068 1744 coeli,
1093 1703 1128 1735 et
1148 1711 1219 1736 non
1241 1712 1305 1747 per
1325 1702 1421 1737 viam
1442 1706 1584 1738 naturae
1605 1714 1671 1750 ge-

489 1758 635 1789 nerata).
665 1755 874 1791 Consonum
904 1768 993 1805 ergo
1022 1759 1165 1795 videtur
1193 1761 1292 1806 quod
1320 1762 1443 1797 anima
1468 1766 1547 1808 post
1570 1774 1671 1799 mor-

488 1816 561 1849 tem
591 1818 716 1850 utatur
743 1828 884 1863 organo
911 1822 947 1853 ct
974 1819 1220 1856 instrumento
1258 1821 1293 1856 in
1326 1822 1442 1869 gloria
1477 1827 1511 1859 et
1547 1834 1668 1871 poena,

487 1884 561 1918 quo
588 1875 623 1910 in
652 1876 722 1911 vita
753 1888 816 1913 usa
846 1881 899 1913 est
927 1879 961 1913 in
990 1879 1086 1915 bono
1114 1884 1149 1915 et
1179 1882 1285 1917 malo.

548 2006 571 2034 ζ’)
590 2006 619 2030 Ε.
639 2014 652 2029 c
671 2010 692 2035 4,
711 2007 774 2037 Deo,
793 2011 819 2032 et
836 2015 927 2033 verum
945 2013 971 2034 et
988 2018 1120 2035 summum
1138 2012 1236 2036 bonum
1254 2017 1517 2043 promererentur.—
1529 2016 1553 2039 E
1573 2017 1667 2047 quim-i.
