1766 2856
511 245 581 276 414
905 247 1108 273 COMENTUM
1135 248 1301 272 PARADIS1

509 324 567 370 pli,
596 323 624 358 si
652 322 732 367 quis
761 330 914 356 narrans
943 330 1054 354 unam
1084 329 1163 354 rem
1191 319 1392 365 Jocundam
1425 329 1510 354 cum
1542 330 1688 355 summa

508 383 747 419 delectatione
782 384 817 416 et
849 379 1040 415 dulcedine
1068 380 1146 426 Jarn
1185 380 1338 426 cepisset
1368 379 1510 415 animos
1536 379 1690 415 audien—

511 444 613 487 tium,
634 446 669 477 et
687 441 885 477 dimitteret
904 440 1151 476 narrationem
1170 437 1207 484 (¹)
1228 440 1447 484 inchoatam,
1467 443 1605 485 quanto
1628 450 1690 475 ar-

509 503 598 538 dore
625 502 874 537 desiderarent
899 500 1029 536 audire
1056 500 1273 535 residuum?
1296 500 1377 536 ideo
1400 500 1499 535 dicit:
1528 511 1546 535 e
1568 511 1633 545 per
1662 504 1691 535 te

511 564 633 598 &edrai
654 573 749 597 come
776 563 819 596 m'
834 572 897 596 era
916 563 951 596 ιή
969 562 1058 596 dt‘sio
1077 562 1221 596 d'aclire
1240 562 1287 595 da
1310 562 1429 606 questi,
1452 560 1599 606 scilicet,
1619 561 1691 607 spi-

511 623 650 668 ritibus,
679 622 741 668 qui
769 621 950 657 faciebant
978 621 1064 656 mihi
1095 624 1236 656 tantum
1265 621 1442 667 gaudium
1472 625 1507 657 et
1536 621 1690 666 festum,

509 685 564 718 lor
591 684 791 718 condizioni
816 684 960 717 siccome
987 684 1060 726 azyli
1081 683 1176 717 ocem·
1198 683 1288 725 miei,
1308 682 1626 728 intellectualibus,
1645 684 1693 718 mi

506 745 567 789 fur
595 745 776 788 manifesti.
794 763 841 768 —-
860 745 898 777 O.
928 743 1032 777 Nunc
1051 746 1160 778 autor
1183 742 1379 777 introducit
1402 742 1502 777 illum
1523 742 1690 788 spiritum

508 804 822 850 gloriosissimum,
851 803 913 848 qui
941 802 1142 848 exorditur,
1172 806 1308 847 narrat,
1336 806 1372 838 et
1398 802 1505 838 offert
1540 813 1579 839 se
1610 792 1688 848 sibi,

509 863 650 899 dicens:
684 866 713 898 O
731 864 812 898 bene
838 867 934 907 nalo,
963 862 1064 908 idest,
1091 873 1113 898 o
1140 863 1284 907 Dantes,
1304 866 1389 898 nate
1412 863 1447 897 in
1470 863 1565 898 bona
1585 864 1687 908 hora,

507 934 529 957 α
557 925 611 957 cm?
627 925 770 967 grazia,
789 923 934 968 scilicet,
957 922 1089 968 divina,
1119 924 1265 958 concede
1293 924 1394 957 ceder
1412 924 1437 957 la·
1456 924 1561 967 troni,
1587 923 1690 968 idest,

507 983 622 1028 sedes,
650 985 706 1018 del
731 985 860 1028 trionso
893 985 1058 1026 eternale,
1091 983 1192 1028 idest,
1226 983 1484 1029 triumphantis
1515 983 1689 1025 ecclesiae,

509 1045 628 1078 'naun'
653 1045 710 1079 che
730 1046 765 1079 ῖα
785 1045 917 1079 )ηἰΙιῖ;ιά
934 1044 1186 1087 s’abbandoni,
1206 1043 1310 1089 quasi
1332 1043 1426 1079 dicat
1452 1043 1488 1078 in
1514 1044 1587 1079 vita
1605 1047 1692 1080 ante

509 1108 679 1150 mortem,
717 1104 814 1150 quod
842 1105 931 1140 nulli
958 1104 1029 1139 alio
1057 1115 1223 1150 unquam
1251 1104 1429 1139 concessit
1461 1104 1521 1139 tali
1554 1104 1688 1150 modo;

509 1166 568 1199 ηοι·
593 1175 687 1199 semo
714 1166 825 1199 accesi
849 1166 906 1200 del
931 1166 1031 1208 lame,
1060 1164 1204 1207 scilicet,
1233 1163 1365 1209 divino,
1394 1165 1451 1199 clze
1472 1175 1540 1209 per
1567 1167 1649 1199 ίαιίο
1668 1166 1693 1200 ’l

508 1226 572 1259 ciel
595 1227 625 1260 st
650 1227 789 1270 spazicz,
826 1224 928 1270 idest,
962 1235 1035 1270 quo
1067 1234 1195 1260 omnes
1226 1224 1309 1259 coeli
1341 1224 1546 1270 replentur,
1574 1228 1609 1260 et
1640 1225 1691 1260 sic

509 1285 702 1331 respondet
729 1285 774 1321 de
800 1285 1067 1321 conditionibus
1094 1285 1139 1320 de
1167 1284 1300 1329 quibus
1327 1288 1436 1320 autor
1461 1284 1692 1320 desiderabat

508 1346 611 1381 scire.
640 1346 682 1381 Et
709 1346 811 1381 dicit:
841 1357 857 1380 e
878 1341 981 1390 pero,
1011 1356 1047 1380 se
1073 1347 1164 1390 disti,
1187 1345 1215 1380 si
1242 1355 1308 1391 pro
1335 1345 1432 1390 quia,
1456 1346 1493 1380 dt
1510 1347 1569 1380 noi
1594 1347 1690 1380 ellia-

507 1408 600 1449 rirtt',
629 1407 692 1452 qui
719 1406 888 1442 videmur
915 1406 977 1441 tibi
1010 1406 1058 1441 ita
1090 1406 1188 1448 clari,
1226 1417 1248 1440 α
1280 1410 1336 1440 cuo
1363 1407 1486 1450 Ju'czcer
1519 1408 1543 1441 [ι’
1571 1408 1687 1452 sazia,

508 1467 591 1511 quia
621 1467 775 1503 libenter
802 1467 952 1503 habebis
980 1470 1157 1512 optatum.
1187 1467 1228 1502 Et
1256 1466 1437 1502 concludit
1464 1470 1592 1502 autor:
1621 1464 1691 1502 eost

508 1528 555 1561 (Ια
583 1538 626 1561 zm
655 1529 690 1562 cli
717 1529 819 1572 quelli
840 1529 940 1572 ικρῖνΙὶ
960 1529 1024 1572 pii,
1044 1527 1190 1572 scilicet,
1210 1538 1231 1562 a
1254 1526 1381 1573 spiritu
1405 1527 1608 1573 Justiniani,
1629 1528 1690 1573 qui

509 1587 573 1621 suit
599 1587 717 1632 justus
744 1591 780 1622 et
807 1587 899 1633 pius,
919 1588 1008 1622 (lello
1029 1589 1075 1621 mi
1089 1588 1128 1631 fn
1139 1600 1154 1631 ,·
1172 1598 1189 1621 e
1211 1588 1257 1621 (la
1280 1589 1450 1630 Bealrice,
1471 1587 1600 1623 deinde
1618 1591 1692 1623 sta-

510 1646 571 1681 tim
601 1646 737 1681 dictum
766 1646 851 1681 fuit:
885 1648 930 1681 dt’
954 1648 999 1682 da*
1017 1648 1259 1690 sicuramente,
1291 1646 1376 1691 quia
1411 1647 1567 1691 prompti
1595 1650 1691 1692 sunt,

509 1717 526 1740 e
544 1707 640 1741 credi
657 1717 752 1741 come
766 1717 789 1741 α
808 1708 878 1749 Dii,
900 1706 984 1751 quia
1008 1706 1126 1741 omnis
1146 1706 1275 1741 beatus
1294 1705 1384 1741 deus
1404 1706 1690 1752 participatione,

510 1776 576 1801 nec
604 1770 720 1811 potest
747 1766 870 1802 dicere
897 1767 1040 1802 salsum.
1057 1769 1169 1801 -Ιο,
1191 1766 1254 1801 Hic
1277 1769 1387 1801 autor
1414 1766 1512 1811 ponit
1540 1777 1692 1813 respon-

508 1826 648 1861 sionem
677 1837 782 1861 suam
811 1827 855 1862 ad
883 1827 1062 1873 spiritum,
1098 1830 1133 1862 et
1166 1826 1285 1872 primo
1318 1836 1357 1862 se
1385 1829 1537 1862 excusat
1563 1827 1589 1862 si
1618 1838 1691 1863 non

508 1887 694 1933 cognoscit
721 1897 820 1932 eum,
840 1887 982 1923 dicens:
1012 1889 1051 1921 Io
1081 1889 1201 1931 veyffl'o
1220 1888 1281 1922 ben
1301 1884 1329 1922 si
1348 1898 1443 1922 come
1462 1891 1495 1922 tu
1518 1889 1539 1922 Γ
1555 1889 1690 1933 amaldi,

509 1947 609 1992 idest,
638 1947 781 1992 velaris,
813 1949 870 1982 nel
900 1949 1049 1992 proprio
1083 1949 1184 1992 lame,
1214 1947 1311 1993 quod
1346 1952 1400 1984 est
1434 1948 1690 1994 clarissimum,

508 2018 524 2041 e
551 2009 609 2042 che
636 2009 733 2051 (Iaylt'
759 2009 853 2042 occln'
884 2009 909 2043 il
945 2010 1075 2052 trayyi,
1103 2008 1206 2053 quasi
1242 2019 1287 2044 ex
1323 2009 1469 2044 duobus
1500 2009 1690 2054 sideribus,

504 2068 620 2112 perch’
633 2070 664 2103 ei
689 2079 872 2112 corrusccz,
892 2068 994 2113 idest,
1018 2069 1234 2114 resplendet,
1254 2065 1282 2104 εὶ
1309 2080 1403 2104 come
1423 2073 1456 2104 m
1477 2070 1560 2114 ridi,
1589 2069 1690 2115 idest,

509 2127 661 2173 tentaris,
691 2139 748 2163 ma
775 2140 846 2164 non
872 2140 912 2163 so
939 2130 992 2164 clzt‘
1018 2133 1052 2179 (u
1078 2130 1138 2173 se’,
1166 2131 1285 2164 anima
1312 2131 1440 2174 (Iefflm,
1469 2130 1534 2166 ista
1562 2131 1689 2177 gloria,

509 2187 552 2222 ne'
571 2188 699 2232 perche*
719 2191 803 2233 (zglyz'
826 2191 850 2224 il
873 2190 990 2233 ‚qr-ado
1015 2190 1105 2224 della
1125 2200 1244 2234 spera,
1264 2190 1410 2236 scilicet,
1430 2191 1613 2236 Mercurii,
1631 2192 1690 2226 che

575 2318 600 2347 (¹)
618 2320 640 2346 4,
659 2318 812 2341 orationem.
