1766 2856
531 257 551 286 2
890 255 1091 282 COMENTUM
1117 252 1338 279 PURGATORII

531 333 757 369 desiderabat
786 330 877 366 scire
908 337 1056 363 causam
1093 325 1185 360 illius
1216 325 1460 367 terraemotus,
1491 322 1572 357 ideo
1603 332 1700 357 nunc

531 393 706 438 replicans
725 391 819 425 idem
839 387 992 423 ostendit
1011 396 1115 421 suam
1135 383 1425 429 dispositionem3
1441 385 1477 417 et
1493 382 1588 426 dicit,
1603 381 1700 426 quod

530 452 709 498 appetitus
736 448 868 484 sciendi
897 446 1003 481 nimis
1031 444 1245 480 molestabat
1273 453 1370 478 eum.
1395 441 1463 477 Sed
1491 442 1536 476 ad
1563 441 1702 487 plenio-

533 521 609 546 rem
647 507 917 554 intelligentiam
955 506 1068 540 literae
1107 507 1160 539 cst
1199 502 1318 548 primo
1359 500 1564 545 sciendum,
1603 500 1700 546 quod

532 580 616 605 cum
635 565 669 613 C)
699 568 860 603 Christus
879 566 923 601 de
943 565 1066 599 Judaea
1089 563 1156 598 iret
1178 563 1213 597 in
1235 561 1419 597 Galilaeam
1441 559 1618 595 transiens
1637 570 1701 605 per

534 628 737 663 Samariam
765 625 929 672 pervenit
955 624 999 659 ad
1027 624 1148 658 locum
1176 621 1239 656 ubi
1258 623 1337 656 erat
1356 620 1433 655 sons
1452 619 1575 664 Jacob,
1594 622 1630 654 et
1648 619 1702 654 sa-

533 688 667 734 tigatus
694 698 739 723 ex
767 687 894 721 itincre
921 683 1029 729 coepit
1056 683 1183 718 sedere
1210 681 1269 715 ibi.
1298 681 1340 715 Et
1367 690 1453 715 ecce
1485 679 1616 714 mulier
1643 689 1701 714 sa—

533 748 711 783 maritana
745 745 843 781 venit
875 743 919 779 ad
953 741 1191 777 hauriendam
1223 750 1383 785 aquam3
1411 739 1572 784 discipuli
1604 738 1699 774 enim

533 807 673 842 iverant
700 806 735 840 in
762 804 943 839 civitatem
975 802 1019 837 ad
1055 800 1252 836 emendum
1271 795 1306 844 (ᾖ)
1343 798 1451 833 cibos.
1487 797 1582 832 Dixit
1611 807 1702 844 ergo

533 866 654 901 Jesus:
682 865 725 899 da
754 863 839 897 mihi
867 862 1001 896 bibere.
1031 860 1096 895 Cui
1124 859 1256 894 mulier
1284 858 1487 904 respondit:
1516 857 1702 902 quomodo

533 936 617 961 cum
645 925 690 959 sis
707 923 851 970 Judaeus
874 921 962 967 petis
981 932 1002 956 a
1023 930 1082 955 me
1100 919 1321 955 samaritana
1341 919 1491 954 bibere?
1513 928 1586 953 non
1604 918 1700 954 enim

533 987 733 1020 coutuntur
747 982 856 1029 judaei
876 980 1114 1016 samaritanis.
1135 979 1329 1025 Respondit
1346 973 1382 1022 (3)
1401 978 1523 1014 Jesus:
1544 978 1571 1013 si
1591 978 1704 1014 scires

532 1045 668 1079 donum
696 1043 758 1078 Dei
787 1042 910 1088 quanti
938 1041 1069 1076 valoris
1096 1040 1140 1075 sit
1167 1039 1315 1085 petisses
1342 1039 1388 1074 ab
1412 1049 1467 1084 eo,
1487 1042 1523 1074 et
1548 1038 1704 1074 dedisset

534 1103 594 1138 tibi
622 1113 756 1148 aquam
785 1102 925 1145 vivam3
947 1104 981 1136 et
1008 1099 1143 1135 subdit:
1167 1099 1286 1134 omnis
1305 1098 1367 1144 qui
1386 1098 1516 1133 biberit
1537 1108 1581 1133 ex
1605 1108 1702 1143 aqua

536 1163 599 1197 bac
627 1162 720 1197 sitiet
748 1161 900 1205 iterum3
933 1159 1028 1205 ssqui
1062 1163 1187 1194 autem
1221 1158 1352 1193 biberit
1383 1168 1428 1193 ex
1461 1167 1557 1202 aqua
1589 1167 1701 1202 quam

535 1232 603 1268 ego
629 1221 721 1256 dabo
750 1221 809 1255 tibi
839 1231 908 1255 non
936 1219 1030 1254 sitiet
1049 1228 1213 1263 unquam
1227 1217 1245 1236 ²¹⁴
1264 1211 1310 1261 (4).
1334 1217 1385 1252 De
1403 1217 1470 1252 ista
1489 1227 1585 1262 aqua
1603 1216 1703 1251 dice·

535 1285 595 1315 tur
622 1281 779 1316 Paradisi
807 1280 963 1325 capitulo
985 1279 1094 1313 XXX.
1118 1279 1221 1313 Nunc
1241 1277 1309 1313 erit
1336 1277 1439 1312 litera
1466 1276 1563 1312 clara
1590 1286 1702 1321 quam

535 1350 675 1386 expone
702 1340 771 1375 sic:
800 1342 848 1374 La
879 1343 945 1373 sele
976 1339 1131 1381 mztural,
1166 1337 1267 1382 idest,
1302 1336 1523 1371 desiderium
1550 1336 1704 1381 sciendi;

535 1410 618 1435 nam
660 1410 787 1435 omnes
827 1399 1041 1434 naturaliter
1081 1397 1174 1432 scire
1213 1396 1438 1441 desiderant3
1470 1395 1575 1430 cuius
1613 1396 1705 1431 ratio

535 1459 678 1495 videtur
717 1460 801 1504 quia
844 1458 1097 1503 unusquisque
1136 1456 1271 1502 appetit
1313 1455 1528 1491 naturaliter
1571 1455 1704 1500 perfici.

535 1518 689 1553 Scientia
716 1522 839 1553 autem
869 1522 921 1553 est
949 1517 1121 1563 perfectio
1148 1517 1291 1561 animae,
1319 1516 1400 1551 licet
1429 1515 1507 1551 talis
1534 1515 1706 1560 perfectio

536 1588 607 1612 non
635 1577 814 1613 habeatur
845 1578 877 1611 in
913 1577 969 1612 via
1002 1577 1045 1612 ad
1079 1577 1240 1622 plenum,
1268 1575 1329 1611 sed
1357 1575 1474 1610 solum
1504 1575 1537 1609 in
1566 1575 1705 1620 patria3

536 1637 616 1671 ideo
643 1637 745 1672 dicit:
776 1639 834 1671 elie
861 1638 931 1670 mai
958 1647 1024 1670 mm
1052 1638 1166 1679 sccze'aj
1195 1635 1395 1681 appetitum
1423 1634 1546 1679 animi,
1573 1645 1608 1668 se
1635 1644 1707 1669 ηοη

537 1708 599 1731 con
629 1698 648 1731 l'
663 1707 787 1740 aequa,
808 1697 941 1732 scilicet
964 1696 1055 1740 viva,
1079 1706 1162 1741 quae
1187 1699 1239 1731 est
1263 1695 1378 1742 gratia
1402 1694 1554 1740 Spiritus
1581 1693 1706 1738 sancti,

537 1758 638 1799 ande,
673 1756 772 1801 idest7
808 1767 916 1801 aqua,
952 1758 986 1790 la
1017 1758 1226 1801 fhmminella
1261 1756 1482 1790 samaritana
1516 1749 1708 1788 adimamlo

537 1817 571 1850 la
597 1817 738 1859 grazia,
765 1826 848 1851 cum
881 1816 987 1850 dixit:
1021 1817 1181 1859 Domine,
1208 1817 1256 1850 da
1284 1816 1364 1850 milei
1389 1816 1430 1850 cle
1455 1815 1520 1848 hac
1546 1823 1640 1857 aqua
1674 1816 1710 1848 ut

538 1886 605 1909 non
633 1877 744 1909 sitiam
773 1877 805 1909 iu
834 1880 1013 1919 celerinum,
1044 1875 1137 1910 sicut
1167 1875 1336 1910 scribitur
1366 1874 1512 1909 Joannis
1538 1874 1582 1908 IV
1610 1872 1708 1918 capi-

538 1935 624 1969 tulo.
657 1936 699 1970 Et
732 1936 787 1970 hic
824 1939 907 1970 nota
939 1935 1036 1980 quod
1068 1935 1277 1970 samaritani
1310 1934 1482 1969 differunt
1516 1944 1537 1968 a
1564 1932 1707 1979 judaeis,

537 1995 629 2029 sicut
654 1995 763 2039 graeci
790 2005 810 2029 a
838 1994 965 2038 latinis,
997 1994 1079 2039 quia
1109 1997 1192 2029 suut
1220 1993 1410 2029 scismatici
1443 1993 1477 2027 in
1507 1992 1593 2037 fide3
1622 2002 1705 2027 nam

538 2053 683 2097 quando
714 2053 880 2088 videbant
905 2054 1046 2099 judaeos
1069 2054 1200 2089 florere
1227 2052 1456 2099 appellabant
1483 2062 1546 2088 eos
1572 2062 1708 2098 cogna-

600 2184 625 2213 [¹)
644 2184 671 2207 E.
683 2191 741 2207 cum
753 2184 909 2213 Redemptor
920 2186 1006 2207 nostor
1018 2185 1213 2213 pretiosissimus
1224 2185 1349 2209 Dominus
1361 2187 1447 2208 noster
1457 2184 1531 2208 Jcsus
1541 2184 1656 2208 Christus
1668 2184 1707 2208 de.

601 2221 627 2250 (¹)
645 2222 674 2244 E.
691 2222 821 2245 emendos.

601 2258 626 2288 (²³)
646 2259 674 2281 E.
692 2259 829 2288 Respondit
849 2259 972 2282 Dominus
989 2259 1070 2282 Jcsus.

600 2297 625 2318 f‘l
643 2297 678 2319 Le
696 2297 782 2326 parole
800 2297 838 2320 fra
857 2297 864 2320 i
883 2297 931 2320 due
949 2297 1079 2320 astvrisclu‘
1097 2303 1159 2319 sono
1177 2297 1216 2320 dei
1233 2297 1318 2321 Codici
1336 2298 1365 2321 E.
1382 2305 1396 2322 e
1414 2298 1438 2321 S.
