1737 2836
357 232 494 258 CAxTcs
520 233 712 259 wensinus
738 232 912 264 QUARTUS.
1175 226 1219 258 73

53 304 218 350 sequitur
237 305 305 340 hoc
323 305 464 350 vitium,
488 308 527 340 ut
546 305 688 340 bibendi
708 305 932 341 consuetudo
954 309 1089 352 augeat
1106 305 1221 340 avidi-

53 368 175 409 tatem,
195 368 332 410 quanto
352 365 431 410 plus
454 364 608 399 biberint
627 368 726 400 tanto
746 365 861 411 magis
887 365 1027 400 sitiunt:
1056 365 1121 400 soli
1142 364 1221 400 ani-

54 424 203 459 malium
225 434 296 459 non
315 424 474 459 sitientes
494 424 675 468 bibimusg
699 428 735 459 et
763 425 824 469 qui
848 425 973 460 vinum
994 436 1066 460 non
1085 424 1217 460 habent

52 485 217 519 naturale
245 484 381 519 faciunt
413 483 479 518 sibi
511 483 721 519 artificiale:
760 488 796 519 et
832 484 883 519 sie
915 485 947 519 iu
982 485 1079 520 nulla
1116 487 1219 530 parte

53 544 179 579 mundi
198 547 313 579 cessat
332 543 497 588 ebrietas,
514 546 550 578 et
565 543 660 588 quod
677 543 778 588 peius
797 548 850 579 est
870 543 1094 580 irritamenta
1110 554 1220 579 exco-

52 603 213 650 gitantur
243 613 352 638 causa
384 602 545 647 bibendi3
579 603 684 648 plene
716 602 909 638 infundunt
940 606 979 638 ut
1008 604 1128 638 statim
1157 614 1222 639 vo-

53 666 171 708 mant3
199 663 332 698 iterum
361 662 545 707 hauriunt,
566 665 600 698 et
620 662 752 698 iterum
775 665 887 707 atque
906 662 1012 698 tertio
1032 666 1220 707 tamquam

52 722 97 758 ad
123 722 306 768 perdenda
333 722 415 757 vina
442 722 572 768 geniti3
605 725 640 757 et
676 725 865 767 tamquam
893 722 1028 758 effundi
1063 722 1121 757 illa
1149 731 1222 756 non

52 782 186 828 possint
215 782 279 817 nisi
307 792 371 828 per
403 792 536 827 corpus
568 782 785 817 humanum.
818 781 888 817 Sed
904 778 940 825 (¹)
969 781 1032 827 qui
1059 781 1222 817 fructus?

54 841 185 877 Vinum
216 845 376 877 mentem
404 845 532 885 mutat,
552 842 716 877 furorem
739 842 866 888 gignit,
889 842 982 877 cadit
1004 842 1039 876 in
1058 852 1220 886 Coenum,

53 905 192 937 secreta
209 902 344 937 revelat
353 914 361 946 3
376 901 456 936 hinc
471 902 586 947 pallor
601 905 635 937 et
650 912 754 947 genae
770 901 948 947 pendulae,
959 901 1082 937 ulcera
1094 901 1222 937 oculo-

55 972 150 1006 rum,
162 961 328 996 tremulae
345 972 474 996 manus
489 961 715 997 effundentes
732 962 835 1007 plena
847 972 950 1006 vasa3
966 972 1048 1006 quae
1063 961 1101 996 fit
1116 972 1221 1007 poena

54 1031 223 1066 praesens,
246 1021 392 1057 furiales
411 1022 527 1056 somni
551 1025 585 1057 et
607 1021 819 1066 inquietudo
840 1024 1038 1056 nocturna:
1055 1022 1221 1067 sequenti

53 1080 110 1116 die
137 1081 242 1116 ssatus
265 1081 380 1116 foedus
399 1091 444 1117 ex
463 1092 540 1126 ore,
561 1085 595 1117 et
623 1082 698 1116 sere
725 1081 891 1117 omnium
921 1091 1045 1117 rerum
1075 1082 1217 1117 oblivio.

130 1143 203 1184 Ma,
222 1152 316 1175 rome
330 1143 380 1186 [a.
409 1141 478 1176 Ista
505 1144 557 1176 est
585 1141 743 1176 secunda
770 1151 852 1186 pars
879 1141 1071 1187 generalis,
1091 1141 1127 1176 in
1148 1152 1222 1186 qua

54 1203 159 1247 poeta
187 1201 319 1235 inducit
349 1201 507 1246 primum
528 1201 693 1246 spiritum
717 1201 945 1236 nominatum
968 1201 1135 1246 superius
1157 1211 1221 1247 per

55 1260 253 1296 Foresium.
283 1261 323 1294 Et
350 1260 468 1306 primo
495 1260 647 1296 ostendit
681 1261 865 1305 quomodo
900 1261 1050 1307 elegerit
1081 1261 1125 1296 de
1152 1271 1223 1295 nu-

55 1331 159 1356 mero
188 1321 401 1365 multorum,
430 1325 465 1355 et
486 1321 689 1365 requisierit
709 1331 807 1365 eum,
830 1324 870 1355 ut
889 1321 1103 1366 loqueretur
1125 1321 1223 1356 clare

55 1391 191 1416 secum.
220 1380 288 1415 Iste
314 1384 437 1415 autem
466 1380 531 1414 fuit
558 1380 783 1426 Bonagiunta
803 1380 847 1415 de
866 1380 1061 1425 Urbisanis‚
1081 1380 1136 1415 vir
1158 1381 1223 1415 lio-

54 1440 235 1483 norabilis,
255 1440 299 1475 de
324 1440 467 1475 civitate
494 1440 635 1484 lucana,
655 1439 862 1475 luculentus
884 1444 1008 1476 orator
1036 1441 1070 1476 in
1098 1440 1222 1486 lingua

55 1503 232 1543 materna,
260 1502 294 1534 et
321 1499 432 1534 facilis
454 1499 620 1534 inventor
640 1499 909 1545 rhythmorum,
930 1500 991 1536 sed
1012 1500 1146 1536 facilior
1169 1500 1223 1535 vi-

54 1569 199 1603 norum,
227 1559 288 1603 qui
317 1562 469 1594 noverat
490 1562 658 1594 autorem
687 1559 722 1593 in
749 1559 833 1604 vita,
856 1562 891 1595 et
913 1559 1107 1604 aliquando
1134 1559 1224 1595 scri-

54 1621 173 1664 pserat
199 1618 275 1653 sibi.
304 1618 386 1653 Ideo
412 1621 520 1653 autor
548 1618 647 1665 fingit
675 1628 761 1654 eum
790 1619 838 1654 ita
866 1619 1089 1655 familiariter
1124 1619 1221 1665 loqui

54 1687 177 1712 secum
205 1678 249 1713 (le
276 1678 350 1724 ipso
377 1681 412 1713 et
439 1678 483 1713 de
510 1678 586 1713 aliis
620 1678 868 1714 inventoribus
901 1679 1095 1715 modernis.
1133 1679 1224 1714 Dicit

54 1746 164 1783 ergo:
190 1739 280 1782 se'z'o
313 1748 335 1772 a
366 1740 444 1783 quel
474 1740 521 1773 (la
553 1740 676 1781 Lacca,
704 1738 848 1783 scilicet,
883 1739 1133 1785 Bonagiuntae,
1166 1741 1224 1774 che

49 1793 110 1839 pie‘c
134 1807 246 1840 parea
273 1799 310 1832 cli
335 1808 387 1832 me
413 1809 498 1832 aver
524 1802 695 1842 cerlezza,
715 1799 772 1834 vel
791 1798 993 1834 secundum
1014 1799 1121 1834 aliam
1143 1799 1223 1834 lite—

56 1865 145 1900 ram,
173 1857 209 1890 cli
236 1868 286 1890 me
315 1858 408 1891 voles
433 1861 612 1900 conlezza,
639 1870 659 1893 a
688 1858 804 1902 simili,
824 1869 918 1892 come
937 1861 977 1903 sa
996 1860 1048 1893 clei
1064 1860 1222 1902 guarda,

55 1915 323 1951 multitudinem
353 1916 555 1961 hominum,
582 1928 599 1951 e
621 1919 682 1961 poi
712 1920 753 1962 fa
780 1928 917 1961 prezza
945 1915 1007 1962 pist
1040 1919 1134 1952 d'un
1166 1918 1224 1952 che

54 1976 85 2009 (ι’
100 1976 205 2018 altro,
233 1986 296 2021 per
323 1975 424 2021 signa
452 1986 535 2021 quae
563 1976 656 2011 videt
684 1977 718 2011 in
742 1977 810 2011 illo.
841 1977 882 2011 Et
908 1987 993 2012 ecce
1018 1977 1220 2022 quomodo:

53 2035 83 2068 ei
109 2045 348 2079 mor-morae&
371 2035 416 2070 de
443 2036 558 2071 Dante
587 2036 775 2082 intelligas,
796 2040 835 2071 ut
854 2036 988 2082 patebit
1006 2038 1115 2082 paulo
1135 2042 1225 2083 post7

53 2106 70 2127 e
95 2104 166 2128 non
191 2106 230 2128 so
262 2096 320 2129 rlze
356 2097 525 2130 Gentilem
555 2098 688 2130 sentina
721 2098 767 2139 io,
796 2096 895 2142 idest,
923 2106 1012 2143 gens
1045 2097 1223 2141 obscurem

55 2164 137 2189 nam
172 2155 289 2189 turbae
319 2156 526 2191 animarum
565 2160 669 2191 eraut
704 2166 842 2201 secum,
879 2160 917 2192 ut
949 2157 1084 2202 patebit
1119 2157 1222 2201 infra,

116 2284 142 2314 ζ’)
160 2286 184 2308 S.
202 2285 249 2309 Sed
267 2287 327 2316 quid
346 2286 452 2310 fructus.
