1766 2856
495 230 564 262 248
856 234 1058 259 coMENTUM
1086 232 1303 259 PURGATORII

492 320 644 356 pomum
677 307 855 353 optimum
889 309 1016 341 contra
1049 315 1199 341 omnem
1236 305 1309 340 vim
1342 304 1482 349 veneni,
1511 303 1609 349 quod
1626 300 1661 347 (¹3

492 370 600 406 habet
621 377 789 413 saporem
812 365 916 401 valde
934 375 1126 410 amarum,
1146 365 1243 400 unde
1264 367 1370 400 curat
1389 364 1506 399 subito
1530 373 1665 409 pueros

492 430 624 475 quihus
652 427 820 463 crudeles
847 436 1016 462 novercae
1035 425 1214 461 dederunt
1235 435 1420 460 venenum
1439 424 1663 470 pestiferum.

494 490 535 524 Et
561 489 611 523 sic
638 487 719 523 vide
751 490 930 532 quantum
961 486 1072 522 arbor
1100 486 1176 521 haec
1203 484 1447 520 saluberrima
1475 485 1666 520 conveniat

496 559 581 584 cum
602 547 735 583 arbore
753 547 829 582 tali:
846 545 966 581 differt
986 550 1110 581 tamen
1128 545 1163 580 in
1182 545 1251 580 hoc
1272 544 1368 590 quod
1387 543 1498 579 arbor
1512 543 1667 589 paradisi

495 618 559 654 per
578 607 806 643 contrarium
834 610 1045 642 nostrarum
1077 605 1254 640 arborum
1275 614 1419 650 semper
1441 604 1667 650 ingrossatur

494 666 732 703 ascendendo.
754 666 844 701 Dicit
862 676 970 712 ergo:
999 668 1048 699 La
1067 666 1200 699 clzioma
1222 674 1300 707 sua,
1323 663 1424 708 idest,
1447 673 1583 699 corona
1606 673 1667 698 ra-

497 737 644 762 morum
660 726 768 761 huius
782 725 934 769 arboris,
950 726 1007 759 che
1031 728 1125 759 tanto
1141 721 1201 768 pm
1215 725 1245 757 si
1258 724 1380 768 dilala,
1399 722 1499 767 idest,
1514 722 1667 768 amplia-

495 790 565 831 tur,
582 789 711 830 quanto
724 783 783 829 μίιί
798 783 817 819 ε)
829 796 882 827 sn,
897 784 997 829 idest,
1013 783 1174 818 ascendit
1188 793 1347 827 sursum,
1360 785 1445 828 sora
1463 784 1666 825 mnmirata,

494 849 587 882 esset
614 846 772 890 inspecta
799 854 885 879 cum
913 843 1165 888 admiratione,
1189 844 1282 887 clayl‘*
1298 844 1389 886 Indi,
1410 842 1511 887 idest,
1533 843 1579 877 ab
1602 842 1668 877 illis

494 907 538 942 de
571 905 680 950 India,
708 906 763 939 net
788 904 902 938 boschi
932 905 987 938 lor
1016 914 1082 948 per
1115 905 1265 947 allexa,
1297 902 1400 948 quasi
1431 902 1536 947 dicat,
1570 901 1668 947 quod

495 967 552 1001 illa
579 965 689 1000 arbor
717 974 799 1009 quae
831 967 884 999 est
915 963 1021 999 altior
1057 963 1092 998 in
1125 963 1223 998 India
1258 967 1312 998 est
1346 962 1466 998 brevis
1499 964 1667 1007 respectu

496 1025 606 1060 istius.
634 1025 676 1059 Et
703 1023 759 1058 hic
787 1027 871 1058 nota
899 1023 996 1068 quod
1023 1023 1100 1058 haec
1128 1026 1181 1058 est
1200 1022 1259 1057 illa
1281 1022 1391 1058 arbor
1411 1033 1431 1057 a
1451 1032 1524 1067 qua
1547 1021 1668 1057 excisa

495 1085 560 1119 fuit
587 1084 645 1119 illa
672 1083 794 1128 arbor,
814 1082 858 1117 de
878 1093 950 1128 qua
970 1082 1106 1117 dictum
1134 1086 1187 1117 est
1216 1082 1249 1117 in
1278 1082 1415 1117 circulo
1437 1082 1666 1128 gulosorum,

496 1154 578 1189 quae
605 1143 714 1178 habet
742 1145 882 1188 partem
916 1142 1142 1188 superiorem
1176 1141 1391 1187 ampliorem
1424 1141 1508 1187 quia
1542 1140 1667 1186 recipit

497 1203 764 1238 nutrimentum
800 1213 820 1237 a
854 1201 958 1247 coelo,
992 1202 1053 1237 ubi
1080 1202 1232 1237 arbores
1266 1204 1399 1236 nostrae
1435 1201 1613 1247 recipiunt
1646 1212 1668 1236 a

497 1267 605 1299 terra.
626 1263 717 1297 Nota
737 1262 845 1297 etiam
873 1262 930 1297 hic
958 1261 1066 1307 quod,
1090 1264 1180 1297 teste
1198 1260 1347 1306 Seneca,
1365 1261 1534 1307 Virgilius
1552 1260 1668 1307 magis

497 1323 610 1358 voluit
645 1322 826 1358 delectare
860 1322 1035 1357 lectorem
1073 1332 1183 1366 quam
1221 1321 1353 1356 docere
1391 1321 1600 1367 agricolam.
1620 1340 1669 1345 —

498 1386 615 1418 Beato.
658 1382 720 1418 Hic
760 1385 866 1428 poeta
897 1382 982 1427 quia
1016 1381 1169 1427 dixerat,
1198 1381 1295 1427 quod
1334 1391 1462 1416 omnes
1496 1381 1669 1426 culpave—

496 1446 578 1478 rant
605 1442 887 1478 inobedientiam
914 1441 1010 1486 Adae,
1040 1452 1137 1476 nuuc
1172 1441 1326 1477 ostendit
1354 1440 1510 1486 qualiter
1541 1449 1668 1475 omnes

495 1502 848 1538 commendaverunt
875 1501 1119 1536 obedientiam
1147 1501 1277 1536 Christi
1305 1500 1366 1546 qui
1395 1499 1583 1536 renovavit
1608 1510 1670 1535 ar—

496 1563 624 1597 borem
653 1571 765 1606 quam
800 1560 914 1595 Adam
942 1560 1170 1605 spoliaverat.
1211 1560 1301 1595 Dicit
1337 1570 1449 1606 ergo:
1477 1562 1584 1595 Bealo
1610 1561 1669 1603 se’,

495 1623 628 1666 yrz'soJI,
655 1621 713 1655 che
739 1630 806 1654 non
834 1621 992 1664 discindi,
1016 1619 1115 1663 idest,
1136 1619 1342 1665 disrumpis,
1362 1621 1417 1653 col
1433 1620 1544 1663 becco,
1566 1618 1670 1664 quasi

497 1681 602 1726 dicat,
626 1680 688 1725 qui
707 1690 778 1715 non
797 1683 933 1726 gustas,
953 1680 1064 1713 d'eslo
1093 1681 1206 1723 (equo,
1226 1678 1383 1714 scientiae
1405 1679 1489 1714 boni
1509 1683 1545 1714 et
1564 1679 1668 1723 mali,

496 1741 565 1776 hoc
596 1740 678 1775 dicit
711 1740 795 1785 quia
831 1739 992 1774 Christus
1027 1739 1140 1774 factus
1177 1742 1230 1774 est
1266 1739 1437 1774 obediens
1474 1749 1590 1784 usque
1623 1738 1669 1773 ad

499 1804 669 1845 mortem,
690 1799 748 1834 ubi
768 1799 882 1834 Adam
906 1809 978 1834 non
1004 1799 1070 1834 suit
1090 1798 1262 1834 obediens
1282 1799 1345 1833 nisi
1366 1809 1431 1844 per
1450 1808 1585 1845 paucas
1604 1798 1670 1834 ho-

500 1871 577 1905 ras,
606 1859 686 1895 ideo
713 1859 806 1895 bene
833 1859 935 1894 dicit:
956 1859 1052 1893 dolce
1071 1860 1107 1893 al
1123 1862 1236 1902 glasto,
1259 1858 1321 1894 sed
1343 1869 1512 1894 amarum
1533 1858 1669 1902 ventri3

500 1919 595 1954 unde
622 1919 723 1953 dicit:
747 1920 869 1963 poscia
897 1919 954 1953 che
970 1920 994 1953 'I
1022 1922 1136 1953 ventre
1159 1920 1231 1953 mal
1247 1919 1277 1953 si
1299 1922 1402 1963 lorse,
1425 1918 1525 1963 idest,
1544 1928 1671 1954 amare

498 1982 692 2024 torquetur
720 1982 755 2013 et
782 1981 1038 2022 tormentatur,
1066 1979 1198 2022 quincti,
1224 1978 1270 2013 ab
1299 1977 1357 2012 illo
1383 1981 1506 2023 gustu,
1530 1981 1569 2012 ut
1591 1978 1669 2024 jam

497 2039 611 2084 patuit
638 2038 672 2072 in
700 2038 825 2084 primis
852 2038 1074 2084 parentibus.
1100 2038 1142 2072 Et
1165 2038 1278 2084 tangit
1299 2037 1394 2073 unde
1418 2037 1555 2073 venerit
1575 2037 1671 2072 istud

496 2098 631 2133 dictum
667 2102 702 2133 et
737 2098 965 2134 confirmatio
998 2098 1092 2143 dicti,
1130 2097 1274 2133 dicens:
1307 2099 1358 2141 yle'
1390 2099 1484 2142 altri,
1522 2097 1669 2142 scilicet,

497 2158 603 2203 beati,
626 2159 801 2201 91·27‹la1·‹m
827 2155 909 2201 cosi,
929 2158 1020 2193 sicut
1047 2158 1182 2193 dictum
1212 2161 1265 2193 est
1292 2157 1326 2192 in
1355 2157 1500 2193 laudem
1528 2157 1668 2204 gryphi,

561 2285 587 2314 (¹)
606 2286 634 2309 E.
652 2285 720 2316 quod
739 2292 844 2315 pomum
863 2285 947 2309 habet.
