1737 2836
473 252 610 278 CANTUs
636 252 801 283 QUINTUS.
1149 244 1218 276 403

44 326 203 362 vendum
231 329 267 361 et
296 329 394 361 recte
425 325 609 371 agendum
645 325 770 360 datum
807 328 861 360 est
892 325 1028 360 homini
1060 325 1217 361 liberum

45 386 240 421 voluntatis
266 386 471 421 arbitrium.
500 385 625 421 Melior
652 386 748 421 enim
777 386 888 420 homo
915 389 968 421 est
1001 385 1063 431 qui
1090 386 1220 421 volun—

47 449 118 481 tate
146 446 261 492 magis
289 456 399 491 quam
429 446 643 481 necessitate
669 445 786 480 bonus
812 448 875 480 est.
905 445 945 480 Et
973 445 1075 482 dicit:
1095 447 1131 480 dt
1149 447 1220 489 che,

45 505 146 551 idest,
175 517 246 551 qua
275 506 440 542 libertate
466 505 617 550 arbitrii,
645 506 675 539 le
700 508 859 540 creature
885 507 1095 549 intelligenti,
1118 505 1219 550 idest,

46 566 251 610 rationales,
280 566 373 602 sicut
408 565 527 613 angeli
555 569 590 600 et
617 565 794 609 homines,
819 567 904 610 suro
930 576 948 600 e
973 576 1037 600 son
1064 567 1178 601 (locate
1204 578 1221 601 e

46 629 137 669 culte,
157 630 337 671 quantum
356 626 401 661 ad
420 625 614 670 individua,
635 637 652 660 e
668 626 751 669 sole,
774 629 956 670 quantum
979 625 1023 660 ad
1049 626 1220 671 speciem,

46 685 138 721 sicut
165 697 185 721 a
213 686 329 731 simili,
363 686 390 721 si
425 686 504 721 dico
541 696 668 721 omnes
699 684 865 720 homines
898 688 981 719 sunt
1014 685 1219 729 rationales‚

46 745 147 791 idest,
175 746 250 781 sola
278 746 414 792 species
442 747 603 781 humana
630 745 723 780 inter
744 744 915 780 animalia
942 748 996 780 est
1024 744 1218 780 rationalis.

45 825 94 830 —
113 808 173 841 Or.
203 806 265 841 Hic
293 806 436 841 Beatrix
471 805 657 851 praemisso
689 814 763 839 uno
796 804 1033 839 fundamento
1065 804 1220 840 ostendit

46 865 155 910 quale
181 865 311 900 debeat
339 875 418 900 esse
441 869 568 900 votum
589 864 803 910 perfectum.
823 863 874 898 Ad
893 863 997 898 cuius
1016 864 1220 910 intelligen-

47 925 133 960 tiam
162 928 303 971 oportet
331 928 536 971 praenotare
563 925 660 970 quod
689 927 814 959 votum
850 927 903 959 est
935 923 1037 969 quasi
1072 924 1220 968 quidam

47 989 257 1020 contractus
277 995 351 1030 quo
371 985 482 1020 homo
502 985 694 1030 paciscitur
709 995 794 1019 cum
815 984 900 1019 Deo.
920 983 973 1018 Ad
992 987 1220 1019 contractum

48 1047 171 1079 autem
189 1044 288 1090 juste
307 1044 566 1080 celebrandum
588 1044 828 1089 requiruntur
845 1044 970 1088 multa,
987 1043 1120 1078 scilicet
1140 1053 1222 1089 per—

50 1114 148 1139 sonae
167 1104 473 1149 contrahentium,
492 1114 549 1139 res
567 1114 677 1150 super
697 1114 768 1149 qua
788 1102 825 1138 fit
844 1106 1064 1147 contractus,
1084 1106 1119 1138 et
1140 1114 1222 1138 mu—

50 1167 135 1199 tuus
153 1174 361 1199 consensus.
379 1164 482 1200 Modo
501 1164 545 1199 ad
564 1164 788 1210 propositum
808 1164 843 1198 in
865 1167 949 1199 voto
969 1163 1225 1199 contrahentes

49 1227 133 1259 sunt
159 1224 256 1259 Deus
291 1228 327 1260 et
362 1225 496 1269 homo;
533 1235 591 1260 res
619 1227 805 1260 contracta
833 1228 886 1259 est
904 1221 939 1268 C)
966 1223 1222 1269 peregrinatio,

45 1284 225 1330 Jeiunium
255 1288 289 1320 et
322 1284 470 1329 similia;
503 1288 538 1320 et
572 1295 771 1320 consensus
804 1284 867 1319 Dei
898 1288 933 1319 et
969 1284 1122 1319 hominis
1157 1295 1222 1320 ne-

48 1344 205 1379 cessario
239 1345 450 1390 requiritur.
480 1345 521 1379 Et
538 1340 573 1388 F)
605 1348 642 1379 tu
670 1344 790 1379 dices:
824 1344 1009 1389 quomodo
1049 1344 1159 1379 sciam
1196 1345 1223 1380 si

48 1405 144 1440 Deus
172 1405 373 1440 consentit?
401 1404 622 1450 respondeo:
651 1404 679 1439 si
701 1405 843 1450 justum
869 1408 934 1448 est,
954 1404 1045 1439 sicut
1065 1404 1099 1439 in
1120 1408 1224 1450 pacto

49 1465 240 1509 temporali
259 1464 308 1499 ait
331 1468 475 1509 praetor‚
500 1468 602 1509 pacta
628 1464 783 1499 servabo
811 1464 904 1499 bona
933 1464 1002 1500 [ide
1031 1464 1122 1500 sacta
1151 1475 1221 1500 non

50 1524 84 1559 in
112 1524 290 1560 fraudem.
319 1525 422 1559 Nunc
449 1525 494 1560 ad
523 1525 664 1560 literam
688 1524 772 1559 dicit
792 1524 957 1559 Beatrix:
983 1526 1033 1559 Or
1060 1527 1085 1559 ίιῖ
1107 1520 1224 1571 ρων-ἀ

51 1586 152 1619 l'allo
182 1587 283 1619 valor
310 1587 365 1620 del
391 1589 482 1628 volo,
502 1585 601 1629 idest⁷
624 1595 756 1631 magna
776 1584 902 1629 virtus,
924 1595 960 1619 se
978 1589 1011 1619 [ιι
1030 1587 1225 1628 atyomenlt'

51 1646 177 1688 quinci,
205 1645 306 1689 idest,
333 1645 360 1679 si
390 1649 428 1680 tu
455 1645 580 1691 arguis
606 1645 651 1679 ab
680 1645 744 1679 ista
772 1645 911 1680 arbitrii
932 1645 1130 1689 voluntate,
1152 1655 1188 1679 se
1209 1642 1227 1679 ε’

49 1700 77 1739 si
100 1707 201 1749 fallo,
230 1705 330 1749 idest,
358 1709 431 1740 tam
460 1705 620 1751 legitime
639 1708 881 1749 contractum,
900 1705 958 1739 elle
977 1706 1044 1739 Dio
1063 1709 1226 1740 consentu

51 1766 191 1807 quando
218 1768 252 1799 ιιι
278 1766 441 1808 consenti,
474 1765 575 1809 idest,
606 1768 768 1810 acceptet
802 1769 928 1800 votum
967 1768 1073 1799 tuum
1110 1775 1226 1800 exau—

51 1823 200 1868 diend0;
229 1827 265 1859 et
291 1834 377 1859 ecce
404 1824 608 1869 quomodo:
636 1823 695 1860 elce?
721 1827 849 1860 vz'llt'ma
869 1827 970 1870 sassi,
992 1825 1092 1869 idest,
1115 1825 1227 1860 sacri-

54 1882 174 1918 ficium
206 1887 353 1929 gratum
392 1884 478 1929 Deo,
506 1886 541 1919 (Ii
574 1888 690 1928 qneslo
721 1888 848 1928 lesora,
880 1885 980 1929 idest,
1013 1895 1100 1920 caro
1131 1885 1226 1919 dono

53 1943 165 1978 libere
191 1944 312 1979 oblato
344 1944 429 1988 Deo,
459 1945 508 1978 ιαῖ
537 1945 620 1987 (μιαί
648 1946 682 1978 io
715 1946 805 1987 dico,
832 1944 1031 1979 dedicando
1065 1948 1224 1980 mentem

54 2003 126 2039 Deo
153 2007 187 2039 et
215 2004 408 2050 obligando
436 2014 474 2039 se
501 2007 629 2049 sponte
661 2003 727 2048 illi;
757 2004 853 2039 unde
884 2004 986 2039 dicit:
1016 2015 1033 2038 e
1060 2006 1149 2049 sassi
1175 2007 1230 2040 col

51 2075 112 2099 suo
139 2068 222 2107 allo,
242 2064 342 2109 idest,
365 2074 450 2099 cum
474 2067 558 2098 actu
580 2063 688 2108 ipsius
710 2064 905 2098 voluntatis
929 2064 1062 2109 liberae,
1083 2066 1138 2099 nel
1151 2067 1227 2110 fer-

52 2134 131 2158 mar
156 2126 182 2159 il
204 2128 314 2168 pallo,
342 2124 442 2168 idest,
471 2127 610 2168 votum,
631 2127 688 2157 tra
708 2125 774 2158 Dz‘o
797 2135 814 2158 e
841 2126 860 2159 l’
877 2136 987 2159 aomo.
1005 2145 1053 2150 —-
1068 2128 1225 2170 Demque.

52 2183 114 2219 Hic
143 2184 270 2219 ultimo
298 2185 443 2221 Beatrix
471 2194 515 2219 ex
544 2183 738 2229 praemissis
766 2184 860 2219 elicit
887 2196 991 2220 suam
1025 2187 1227 2223 conclusio-

135 2279 142 2304 )
162 2277 189 2299 E.
208 2280 245 2300 est
264 2280 291 2300 ut
310 2279 490 2307 pervgrinaiio,
504 2277 640 2307 jeiunium,
660 2278 815 2302 continentia
833 2282 858 2302 ct
876 2279 975 2303 similia.

125 2275 131 2288 ἱ

115 2279 143 2343 (P)
161 2315 190 2338 E.
208 2315 250 2338 scd
270 2319 296 2339 tu
314 2316 390 2339 dices.
