1737 2836
515 176 652 202 CANTUs
679 176 848 203 OCTAVUS.
1200 174 1268 205 489

97 250 210 292 sonia,
230 248 330 293 idest,
359 248 417 284 illa
444 259 528 294 pars
546 249 666 285 ltaliae.
686 250 845 285 Ausonia
867 251 964 286 enim
988 251 1054 286 fuit
1078 251 1162 286 olim
1186 262 1270 298 pars

99 308 196 353 Latii,
225 308 286 342 ubi
314 308 379 343 fuit
406 308 522 344 Roma
549 313 584 344 et
611 313 663 344 tot
690 310 812 356 populi
838 310 937 346 latini
957 311 1076 356 vicini,
1095 312 1188 347 sicut
1207 322 1271 357 pa—

98 371 146 404 tet
173 378 238 413 per
264 368 404 403 Livium
434 373 469 405 et
484 365 519 413 ζ’)
551 370 724 405 Plinium:
753 371 815 406 sed
841 371 1000 408 Ausonia
1030 373 1177 418 ponitur
1205 382 1269 418 pro

96 428 206 473 ltalia,
234 428 326 463 sicut
353 432 388 463 et
416 430 558 465 Latium
586 441 681 475 saepe
702 431 799 476 apud
822 435 957 476 poetas,
977 433 1035 466 che
1060 433 1269 476 s’imborya,

96 488 196 533 idest,
233 488 429 534 habitatur,
465 491 502 525 cli
536 491 638 533 Bari.
666 500 749 534 quae
784 494 837 525 est
872 491 997 527 civitas
1033 502 1142 537 super
1178 492 1270 527 mari

95 547 252 592 adriaco,
289 551 374 584 nota
411 549 513 584 titulo
546 549 692 593 Nicolai‚
730 551 766 584 di
795 552 916 594 Gaela,
947 561 1030 596 quae
1062 555 1115 587 est
1146 552 1270 588 civitas

95 618 206 654 super
234 608 325 643 mari
354 612 467 654 tusco,
487 609 720 645 denominata
739 621 760 646 a
780 611 923 646 nutrice
951 611 1068 656 Eneae,
1088 623 1106 646 e
1124 613 1161 646 di
1182 614 1269 647 Cro-

95 672 191 711 ιοηα,
218 678 301 712 quae
329 672 382 704 est
409 669 533 704 civitas
562 669 596 703 in
625 673 793 705 extremo
814 670 935 715 ltaliae,
955 671 1058 715 quasi
1080 671 1116 705 in
1137 675 1269 717 puncta

94 738 230 773 cornu;
265 730 312 763 cla
344 739 419 772 ove,
447 729 547 774 idest,
576 729 611 764 in
640 740 711 775 qua
740 733 842 775 parte
871 730 992 775 Italiae7
1034 734 1176 775 Τνοηίο,
1208 731 1269 776 qui

94 791 147 823 est
174 788 307 823 fluvius
333 789 417 824 satis
444 789 606 824 famosus
632 790 728 835 apud
756 790 928 825 Escnlnm
960 790 1143 826 civitatem
1176 791 1270 826 inter

95 849 260 894 Apuliam
290 852 325 885 et
352 850 561 894 Marchiam,
590 861 606 884 e
643 851 760 893 l'ercle,
791 850 884 885 alius
918 851 1062 895 fluvius,
1090 851 1125 885 in
1158 861 1267 896 quem

94 909 231 944 deiecta
259 913 343 944 sunt
369 920 450 945 ossa
478 910 662 955 Manfredi,
692 912 724 944 in
755 921 853 945 mare
879 921 1025 955 syorya,
1051 911 1150 955 idest,
1180 911 1270 946 labi-

95 973 155 1004 tur
182 969 217 1003 in
248 980 350 1005 mare
379 972 801 1014 tuscum.—Feclyeamel
830 970 893 1005 Hic
920 971 1072 1006 Carolus
1101 971 1271 1006 describit

94 1030 241 1066 tertium
273 1040 442 1076 regnum,
470 1041 490 1065 a
519 1042 592 1076 quo
620 1031 875 1066 denominatus
899 1034 952 1066 est
981 1042 1043 1066 rex
1072 1031 1106 1065 in
1135 1031 1205 1066 vita
1235 1035 1268 1066 et

94 1091 258 1137 pervenit
285 1091 328 1126 ad
359 1102 488 1126 manus
516 1091 670 1127 haeredis
697 1091 762 1126 sui.
792 1091 843 1126 Ad
876 1091 973 1136 quod
1001 1094 1054 1127 est
1081 1091 1267 1126 sciendum

94 1150 193 1196 quod
220 1150 371 1185 Carolus
398 1151 582 1186 Martellus
609 1154 805 1186 coronatus
825 1154 877 1186 est
899 1161 960 1186 rex
985 1151 1191 1197 Hungariae,
1216 1150 1269 1185 vi-

95 1213 202 1245 vente
221 1214 335 1255 patre,
355 1220 418 1256 per
439 1222 553 1245 unum
579 1211 800 1246 car-clinalem
825 1211 998 1257 legatum,
1020 1215 1168 1246 mortuo
1191 1210 1270 1246 Ste-

94 1271 214 1316 phano
243 1281 330 1316 rege
358 1271 553 1317 Hungariae
572 1271 647 1306 sine
671 1271 835 1316 haerede3
856 1275 891 1306 et
911 1271 1062 1307 Carolus
1082 1271 1269 1306 Humber-

94 1335 153 1366 tus
172 1330 266 1365 filius
293 1331 371 1366 eius
398 1331 553 1366 obtinuit
575 1342 752 1377 regnum3
775 1335 811 1367 et
830 1332 877 1366 ita
896 1331 1050 1367 debebat
1069 1331 1268 1367 succedere

94 1391 129 1426 in
156 1401 271 1437 regno
299 1391 436 1436 Apuliae
464 1391 491 1425 si
518 1391 700 1426 Robertus
720 1402 790 1426 non
810 1391 1021 1427 exclusisset
1049 1402 1154 1436 eum3
1189 1391 1268 1427 ideo

94 1461 298 1496 numquam
328 1451 393 1485 fnit
420 1454 621 1486 contentus.
645 1451 708 1486 Hie
730 1452 914 1487 Huberlus
943 1455 1045 1497 pater
1073 1452 1138 1486 fuit
1166 1451 1267 1486 istius

94 1510 265 1546 Ludovici
293 1511 529 1556 potentissimi
558 1511 653 1557 regis
680 1511 888 1557 flung-ariae,
908 1512 969 1557 qui
988 1511 1116 1547 diebus
1138 1511 1269 1547 nostris

93 1570 210 1606 tenuit
238 1571 352 1606 multa
381 1580 504 1616 regna.
534 1571 717 1606 Martellus
750 1574 875 1606 autem
908 1571 1077 1607 describit
1112 1582 1267 1617 regnum

93 1631 289 1678 Hungariae
316 1631 435 1666 solum
463 1631 510 1665 ab
539 1641 611 1666 uno
639 1631 807 1667 flumine:
828 1642 894 1667 nec
915 1632 1063 1676 mirum,
1083 1632 1166 1677 quia
1188 1631 1270 1666 nul-

93 1691 150 1725 lus
185 1690 316 1725 fluvius
351 1693 404 1725 est
436 1690 552 1725 maior
583 1691 618 1725 in
653 1694 729 1726 toto
765 1692 855 1727 orbe
890 1692 1114 1735 occidentali,
1148 1692 1269 1726 nullus

94 1750 202 1785 habet
229 1750 430 1795 longiorem
459 1760 623 1795 cursum,
644 1751 763 1786 nullus
790 1752 917 1787 transit
940 1762 1003 1797 per
1027 1755 1077 1786 tot
1105 1751 1269 1786 nationes

94 1810 266 1854 diversas,
287 1810 348 1855 qui
375 1810 492 1845 oritur
515 1810 550 1844 iu
573 1811 714 1856 alpibus
733 1812 951 1856 Germaniae,
979 1815 1015 1847 et
1043 1811 1176 1846 labitur
1204 1821 1268 1856 per

95 1869 277 1905 Austriam
300 1869 334 1904 in
354 1869 578 1914 Alamannia,
601 1870 731 1906 deinde
750 1881 814 1916 per
836 1871 1073 1917 Hungariam,
1098 1870 1266 1913 Maesiam,

94 1933 130 1965 et
157 1929 441 1964 innumerabiles
467 1933 594 1975 gentes
622 1929 832 1965 infidelium.
861 1930 998 1976 Recipit
1029 1930 1064 1964 in
1096 1940 1134 1965 se
1161 1940 1268 1965 sexa-

93 1990 192 2036 ginta
210 1985 245 2033 (23
275 1989 425 2025 flumina
455 2000 598 2035 magna,
626 1993 662 2025 et
689 2000 752 2035 per
780 2001 843 2026 sex
863 1991 920 2025 vel
938 1994 1077 2036 septem
1102 1990 1192 2025 ostia
1213 1990 1268 2024 in-

94 2052 165 2084 trat
192 2049 227 2084 in
254 2050 423 2094 Pontum7
452 2049 553 2094 idest,
580 2050 614 2084 in
644 2060 746 2085 mare
767 2050 900 2095 maius3
921 2060 1080 2095 qnorum
1107 2054 1267 2095 quatuor

94 2109 264 2144 dicuntur
292 2110 518 2155 navigabilia,
548 2110 686 2155 reliqua
704 2106 740 2154 (³)
771 2120 853 2145 non.
876 2110 963 2145 Dicit
982 2120 1072 2156 ergo
1091 2111 1126 2145 in
1145 2111 1264 2146 litera:

156 2236 181 2266 (¹)
199 2237 229 2260 E.
247 2240 272 2260 et
290 2244 335 2267 per
352 2237 471 2261 Plinium.
569 2238 595 2267 (²)
613 2241 635 2267 fa,
652 2239 829 2270 quadraginta.
927 2239 952 2268 (Β)
974 2242 992 2267 2,
1011 2239 1108 2270 reliqua
1127 2246 1188 2264 vero
1206 2247 1266 2264 non.
