1737 2836
452 247 589 273 CANTUS
615 247 809 273 SECUNDUS.
1147 240 1216 272 345

39 321 225 358 sciendum
255 321 352 367 quod
380 332 489 357 omne
516 331 648 367 corpus
676 322 785 357 habet
817 321 852 356 in
884 331 923 356 se
956 320 1133 367 triplicem
1163 320 1218 356 di-

39 383 278 427 mensionem,
294 382 439 427 scilicet,
455 392 669 417 mensuram
690 381 934 428 longitudinis,
950 381 1158 426 latitudinis,
1181 385 1217 417 et

37 443 235 480 altitudinis
262 443 338 478 sive
366 442 628 489 profunditatis.
656 442 760 477 Modo
779 452 913 487 corpus
932 452 1004 477 non
1024 445 1140 488 potest
1161 442 1216 477 in-

40 507 139 540 trare
166 503 264 539 aliud
291 513 424 549 corpus
451 502 528 538 sine
555 502 791 548 corruptione
824 502 928 547 illius,
958 502 1050 538 sicut
1084 503 1111 537 si
1146 502 1218 549 figo

40 564 186 599 clavum
214 564 250 598 in
278 563 429 610 liguum,
458 563 582 608 palum
610 562 646 597 in
674 566 824 606 terram,
845 562 902 597 vel
924 562 1077 608 digitum
1098 563 1134 597 in
1153 573 1218 609 po-

40 634 157 669 mum,
185 627 330 669 oportet
356 623 453 668 quod
481 622 635 658 materia
656 622 760 658 cedat
779 632 824 658 ex
844 624 947 668 parte
966 622 1018 658 rei
1040 622 1218 668 recipien—

40 683 104 729 tis,
123 684 221 719 unde
245 684 349 719 dicit:
377 685 529 718 clz'esser
549 684 704 728 comen,
729 682 830 728 idest,
853 682 951 728 quod
974 682 1046 728 pati
1073 686 1218 727 oportet

39 754 129 789 esse,
157 754 193 778 se
219 754 326 788 corpo
353 754 448 788 repe,
467 743 569 788 idest,
591 742 783 788 subintrat,
802 744 838 777 in
858 753 977 787 corpo.
1006 743 1049 777 Et
1068 746 1169 778 certe
1182 739 1217 787 (¹)

41 814 174 850 corpus
210 803 312 839 istius
348 803 503 839 hominis
539 806 680 849 poterat
715 803 784 838 dici
826 803 1028 848 spirituale,
1061 802 1151 838 idest
1169 798 1217 847 θ’),

40 864 190 900 omnino
217 864 402 899 subditum
430 863 581 909 spiritui.
598 864 847 898 —Accencler.
875 862 980 898 Nunc
1013 866 1121 898 autor
1153 874 1219 898 nos

41 925 178 961 utiliter
196 925 380 969 admonet,
401 924 510 970 quod,
530 924 676 959 dimissa
695 923 907 959 curiositate
926 923 1131 968 inquirendi
1150 923 1215 958 ista

41 985 186 1020 subtilia
208 985 362 1030 occulta,
383 984 502 1030 potius
529 994 731 1029 sequamur
758 984 877 1029 ipsum
901 993 1009 1028 nunc,
1037 986 1073 1018 et
1100 983 1218 1019 inten-

41 1046 173 1082 damus
200 1056 285 1081 cum
313 1055 358 1080 eo
384 1045 429 1080 ad
447 1044 714 1090 acquirendum
737 1044 913 1079 visionem
944 1043 1006 1079 Dei
1035 1043 1096 1089 qui
1121 1043 1219 1079 solus

41 1105 221 1141 mirabilia
249 1115 382 1152 magna
409 1104 502 1140 facit.
524 1105 566 1139 Et
584 1104 730 1140 videtur
742 1100 777 1149 t3)
799 1104 960 1140 breviter
978 1104 1112 1150 dicere,
1132 1115 1217 1139 cum

41 1167 110 1202 hoc
137 1165 234 1212 quod
261 1165 398 1201 dictum
426 1169 479 1200 est
506 1165 550 1200 sit
577 1174 721 1209 verum,
744 1168 780 1200 et
804 1168 926 1200 tamen
947 1174 1019 1199 non
1040 1164 1219 1211 intelliga—

41 1229 102 1261 tur
121 1225 178 1261 vel
197 1225 423 1271 concipiatur
442 1225 627 1260 intellectu
647 1225 821 1269 humano,
836 1225 916 1270 plus
934 1224 1084 1259 deberet
1104 1219 1216 1268 nostss)

40 1286 242 1322 accendere
274 1285 454 1332 appetitus
491 1285 631 1321 videndi
664 1285 860 1330 Christum,
889 1285 924 1319 in
959 1295 1033 1330 quo
1069 1285 1219 1321 fuerunt

41 1348 224 1384 coniuntae
250 1347 332 1382 duae
361 1350 516 1391 naturae,
544 1347 706 1381 humana
739 1349 775 1381 et
805 1345 937 1391 divina,
966 1349 1124 1391 utraque
1152 1356 1217 1381 na—

41 1411 125 1443 tura
144 1411 315 1442 manente
334 1407 476 1453 integra
496 1410 532 1442 et
551 1410 636 1451 tota,
652 1406 744 1441 sicut
765 1416 862 1441 nunc
881 1405 916 1440 in
938 1406 1032 1441 coelo
1051 1409 1131 1441 erat
1153 1416 1218 1441 na—

40 1472 124 1504 tura
152 1477 329 1513 corporea
356 1467 518 1502 humana
540 1467 670 1512 juncta
697 1477 782 1502 cum
812 1466 960 1502 coelesti.
989 1466 1080 1501 Dicit
1107 1477 1215 1512 ergo:

43 1530 76 1564 Il
100 1529 202 1571 disto,
230 1527 331 1572 idest,
354 1527 588 1571 desiderium,
607 1528 644 1562 dc·
663 1528 765 1562 ceder
783 1528 896 1570 quella
922 1528 1092 1571 essenzz'a,
1123 1526 1216 1561 scili-

41 1591 110 1633 cet,
137 1587 277 1631 Christi,
305 1588 342 1621 in
368 1588 438 1630 elce,
467 1586 569 1631 idest,
592 1586 627 1621 in
655 1597 740 1632 qua,
760 1590 883 1621 nostra
905 1590 1048 1629 natura,
1070 1586 1215 1630 scilicet,

41 1649 214 1693 humana,
234 1658 251 1682 e
273 1649 340 1682 Dio
366 1643 497 1690 s’zem'o,
520 1647 622 1692 idest,
645 1650 680 1682 et
707 1650 839 1682 natura
866 1646 987 1682 divina
1013 1645 1218 1681 coniunctae

41 1709 191 1744 suerunt
217 1707 336 1753 simul,
359 1707 404 1743 de
423 1718 495 1752 qua
524 1707 779 1744 coniunctione
799 1710 834 1743 et
859 1706 995 1742 unione
1021 1706 1164 1741 dicetur
1183 1705 1216 1740 in

42 1769 114 1805 fine
140 1769 248 1804 huius
275 1768 394 1814 operis
421 1767 579 1813 capitulo
606 1767 746 1802 ultimo.
768 1767 810 1803 Et
831 1766 951 1802 subdit
978 1766 1164 1812 quomodo
1183 1766 1219 1800 in

42 1829 136 1865 coelo
163 1828 344 1864 videbitur
371 1827 469 1862 clare
496 1827 668 1872 quicquid
700 1827 885 1862 credimus
916 1837 981 1872 per
1013 1826 1120 1861 fidem
1149 1826 1217 1871 hic,

42 1900 128 1925 cum
158 1899 221 1934 per
248 1891 467 1934 argumenta
495 1887 675 1922 naturalia
701 1887 848 1933 probari
877 1897 949 1921 non
971 1886 1101 1932 possit;
1121 1886 1219 1921 unde

41 1948 144 1984 dicit:
172 1944 224 1983 cib
250 1949 309 1982 elce
334 1949 364 1982 si
389 1949 455 1982 lien
482 1958 548 1992 per
577 1948 668 1992 sede,
696 1946 841 1991 scilicet,
873 1946 1119 1991 christianam,
1148 1946 1217 1990 vel,

41 2004 93 2044 σίὸ
119 2009 178 2043 elce
204 2012 324 2051 lenem,
352 2007 497 2052 scilicet,
518 2017 583 2041 nos
607 2006 803 2050 christiani,
825 2007 856 2040 si
878 2001 986 2040 vedrd
1009 2002 1043 2048 ll,
1071 2005 1217 2050 scilicet,

41 2069 77 2104 in
103 2067 281 2114 paradiso,
310 2078 380 2102 non
407 2068 626 2110 (muoso-am,
646 2066 746 2111 idest,
767 2076 839 2101 non
866 2076 931 2111 per
958 2065 1054 2101 viam
1084 2066 1218 2111 proba-

40 2128 145 2164 tionis
171 2127 486 2172 demonstrassvae,
515 2127 632 2162 >¹<nam
661 2126 793 2171 aliquae
820 2126 1051 2172 probationes
1068 2122 1102 2171 (5)
1132 2130 1216 2161 sunt

104 2244 130 2273 (¹)
149 2244 177 2267 l
197 2246 266 2267 certe
284 2250 348 2273 opus
366 2243 482 2266 hominis.
547 2240 573 2270 (²)
591 2243 613 2270 4,
631 2244 657 2265 et
673 2241 730 2265 ideo
749 2241 887 2265 subditum.

105 2281 130 2311 (⁸)
149 2282 178 2305 E.
196 2282 296 2305 videtur
314 2282 377 2305 bene
395 2282 488 2305 dicere.

106 2319 131 2349 (¹)
148 2319 172 2343 S.
191 2320 217 2343 in
234 2326 280 2343 nos
297 2319 436 2343 accendere
454 2319 595 2349 appetitum
613 2318 713 2343 videndi
730 2318 870 2342 Christum.
938 2319 965 2349 (⁵)
982 2318 1012 2342 E.
1029 2319 1215 2349 proportiones.
