1737 2836
491 257 628 284 CANTUS
655 259 817 284 TERTffls.
1174 253 1243 285 363

66 328 231 374 pulcram
255 333 291 364 et
310 340 524 376 congruam.
554 331 595 365 Et
617 331 701 376 quia
721 331 824 366 litera
845 334 899 367 est
918 331 1019 366 fortis
1047 335 1100 367 est
1127 332 1244 368 seien-

66 388 167 433 dum,
184 389 282 434 quod
300 394 408 425 autor
424 391 501 425 vult
520 390 643 426 dicere
662 391 923 427 sententialiter
941 391 976 426 in
992 391 1124 427 effectu
1145 392 1243 438 quod

64 449 140 494 ipse
167 449 253 484 vidit
279 454 447 495 aspectus
472 450 617 485 illarum
641 451 861 486 umbrarum
891 451 926 485 in
954 461 997 486 ea
1025 451 1143 487 forma
1171 462 1243 497 qua

65 508 190 544 videre
217 510 377 545 solemus
404 509 582 556 imagines
610 510 787 545 facierum
816 513 1027 546 nostrarum
1061 511 1096 546 in
1125 511 1244 547 lucido

64 569 222 614 speculo,
243 570 299 605 vel
326 570 362 604 in
388 580 484 615 aqua
504 570 622 615 clara,
646 570 731 615 quia
759 570 851 605 sicut
882 574 982 616 patet
1013 572 1092 606 talis
1120 572 1243 618 imago

64 628 209 664 videtur
236 630 401 674 parvula,
430 633 466 665 et
492 629 658 665 debiliter
682 630 826 665 videtur
845 640 866 665 a
890 630 1004 674 nobis,
1025 631 1072 666 ita
1094 642 1115 666 a
1138 631 1242 666 simili

63 692 172 724 autor
200 690 277 724 vult
305 689 425 725 dicere
453 690 549 735 quod
570 690 638 724 illae
656 690 787 725 animae
807 700 892 725 cum
916 690 1135 736 paucissima
1155 691 1243 726 sul)-

63 749 194 784 stantia
230 750 466 786 ostenderunt
509 760 547 785 se
590 750 826 796 speculationi
862 760 949 785 sure.
991 751 1171 787 Construe
1208 755 1242 786 et

63 819 206 854 expone
233 809 376 845 literam
405 810 465 854 sir,
495 821 577 856 quae
610 813 663 845 est
695 809 861 845 intricata
895 810 1073 845 multum:
1110 813 1241 856 Ve'd’z'O,

62 879 132 916 ego
159 870 292 905 Dantes
323 870 395 905 vidi
427 880 512 906 cum
547 871 654 906 oculo
689 870 830 915 mentis,
860 867 920 914 ρι’ἰι
949 872 1059 915 facee,
1095 871 1242 916 scilieet,

61 930 164 975 duas,
202 930 287 975 quia
323 930 367 966 de
403 930 545 966 duabus
579 927 735 974 saciet&
775 930 968 975 specialem
1006 930 1241 976 mentionem,

58 994 185 1034 prome
203 1000 225 1024 α
239 991 383 1035 ραιἸαΓ,
405 990 540 1026 scilicet
567 990 664 1035 mihi,
685 990 771 1035 quia
794 993 898 1025 erant
923 990 958 1025 in
981 990 1111 1026 eadem
1131 1001 1241 1026 causa

63 1054 98 1086 et
124 1054 240 1096 parte,
277 1052 338 1085 tali
364 1052 460 1094 quala·
490 1052 519 1085 le
550 1052 684 1095 postule
712 1052 889 1085 (le’noslri
915 1052 990 1095 visi,
1020 1051 1120 1094 idest,
1149 1051 1241 1086 ima-

61 1110 165 1157 gines
193 1114 403 1146 nostrorum
431 1111 616 1155 vultuum,
636 1114 780 1153 ίονηαη,
799 1111 945 1155 scilicet,
966 1121 1029 1156 per
1052 1111 1241 1146 refractio-

62 1180 159 1215 nem,
183 1181 249 1214 per
276 1172 363 1205 vetrt
388 1171 604 1215 trasparenct
629 1181 646 1204 e
673 1172 768 1213 cersi,
793 1170 893 1215 idest,
916 1171 1035 1206 lucida
1058 1174 1093 1206 et
1120 1171 1239 1216 polita,

62 1230 148 1275 quia
175 1230 203 1265 si
231 1234 351 1266 essent
378 1230 517 1266 fuscata
543 1231 599 1266 vel
625 1231 806 1266 maculata
835 1241 906 1266 non
935 1231 981 1266 ita
1009 1235 1240 1276 apparerent,

61 1301 167 1325 ovver
190 1302 256 1335 per
282 1301 390 1334 acque
410 1291 514 1325 ‘nilide
533 1301 550 1325 e
570 1292 767 1334 tranquille,
787 1290 887 1335 idest,
909 1290 1063 1325 mundas
1082 1294 1117 1325 et
1136 1291 1241 1336 quie-

61 1353 115 1386 tas
142 1354 178 1386 et
211 1361 284 1386 non
314 1361 465 1397 magnas
489 1350 566 1386 sine
593 1350 722 1395 fundo,
751 1350 848 1385 unde
875 1350 975 1385 dicit:
1004 1361 1074 1385 non
1099 1347 1128 1385 sl
1149 1361 1239 1395 pro-

58 1412 165 1456 fonda
191 1412 240 1446 ch’
256 1413 267 1446 ιῖ
290 1413 391 1456 fomlt
415 1413 495 1446 sian
517 1412 627 1455 persi,
655 1411 755 1455 idest,
784 1410 925 1456 perditi,
948 1411 1033 1455 quia
1063 1415 1148 1447 tunc
1167 1422 1239 1447 non

60 1475 253 1516 appareret
269 1467 303 1515 (²)
334 1471 456 1517 imago
485 1470 707 1516 respicientis
735 1470 769 1504 in
797 1480 913 1515 aqua;
941 1471 1042 1506 (lebild
1067 1467 1109 1515 sl,
1137 1471 1238 1516 idest,

60 1530 96 1565 in
125 1534 265 1566 tantum
295 1531 425 1566 debilia
453 1534 703 1575 revertuntur,
732 1531 790 1564 elce
818 1531 933 1574 perla,
961 1530 1062 1575 idest,
1092 1541 1239 1577 marga—

61 1590 129 1625 rita
157 1590 318 1635 candida,
340 1592 374 1625 ίη
401 1591 525 1625 blanca
541 1592 672 1635 fronte,
692 1590 829 1635 supple,
850 1590 1007 1625 existens
1032 1590 1138 1625 unius
1157 1591 1238 1636 pul-

60 1659 133 1685 crae
159 1650 251 1685 albae
277 1650 444 1694 dominae,
465 1660 536 1685 mm
559 1651 632 1685 vien
658 1661 733 1684 men
757 1652 863 1695 sorte,
886 1650 976 1685 idest
999 1650 1151 1695 fortiter,
1173 1652 1239 1685 (dle

60 1714 178 1744 nostre
190 1711 332 1754 pupille,
352 1710 451 1755 idest,
472 1710 517 1745 ad
537 1713 704 1745 nostrum
724 1709 862 1754 visum,
883 1710 985 1755 quasi
1004 1710 1115 1745 dieat:
1138 1710 1238 1756 perla

59 1770 141 1804 alba
168 1769 204 1804 in
230 1770 312 1804 alba
341 1770 458 1804 fronte
478 1770 576 1804 venit
603 1769 768 1805 debiliter
787 1770 833 1805 ad
852 1770 978 1805 oculos
1003 1774 1156 1815 nostros,
1176 1770 1238 1805 sed

60 1839 132 1864 non
151 1824 185 1873 (³)
215 1832 338 1864 tamen
365 1829 518 1864 debilius
546 1839 657 1874 quam
678 1829 800 1876 imago
828 1833 951 1865 nostra
980 1833 1237 1875 repraesentata

59 1889 95 1924 in
122 1889 227 1933 vitro,
248 1888 304 1923 vel
331 1898 438 1933 aqua,
460 1889 516 1923 vel
534 1888 605 1923 alio
632 1899 787 1934 corpore
814 1892 1080 1934 transparente.
1110 1889 1153 1923 Et
1180 1889 1237 1924 hie

61 1951 145 1984 nota
173 1948 270 1994 quod
298 1947 508 1994 margaritae
536 1948 706 1983 meliores
734 1948 885 1983 veniunt
910 1958 954 1983 ex
975 1948 1091 1991 India,
1112 1948 1237 1983 multae

60 2011 185 2044 tamen
212 2008 449 2044 inveniuntur
475 2007 511 2042 in
537 2007 628 2042 mari
648 2007 809 2053 anglico,
832 2007 928 2042 unde
947 2007 1067 2042 Caesar
1086 2008 1238 2053 cupidus

60 2069 346 2115 margaritarum
376 2067 541 2104 transivit
560 2067 595 2102 in
614 2067 850 2111 Britanniam,
873 2070 911 2101 ut
931 2067 1014 2102 dicit
1033 2067 1235 2102 Svetonius.

59 2130 102 2164 Et
129 2130 277 2165 conchae
299 2129 455 2175 Juvenes
483 2128 617 2163 habent
649 2127 819 2162 meliores
852 2127 1080 2173 margaritas,
1109 2131 1144 2163 et
1172 2128 1236 2162 ha-

133 2245 138 2258 ¹
166 2247 188 2271 t,
208 2244 276 2268 facit.

122 2246 147 2312 Ἀ
166 2282 190 2305 S.
208 2289 221 2306 e
240 2284 260 2309 so,
280 2289 330 2305 non
349 2284 499 2312 apparet.—
512 2281 541 2304 E.
559 2288 609 2304 non
622 2283 773 2311 apparerent
787 2281 908 2311 imagines
921 2281 1113 2311 respicientium
1125 2281 1148 2304 in
1161 2288 1234 2311 aqua.

124 2319 150 2351 κζ’)
166 2320 190 2343 S.
209 2327 259 2343 non
278 2323 329 2343 tam
347 2320 502 2344 debilius.—
514 2322 535 2347 k,
555 2326 605 2343 non
624 2322 722 2343 tantum
740 2319 856 2343 debilius.
