1766 2856
512 238 582 269 278
876 241 1079 267 COMENTUM
1106 241 1328 266 PURGATORII

512 319 570 351 tur
598 316 633 350 in
660 318 814 361 petram,
848 313 950 359 quasi
988 313 1093 358 dicat,
1130 313 1196 348 nisi
1230 322 1331 348 mens
1362 316 1424 348 tua
1452 314 1565 349 labilis
1593 317 1687 350 esset

511 375 697 412 saxificata
719 384 762 409 eo
791 373 900 408 modo
920 384 993 418 quo
1015 383 1112 418 aqua
1134 373 1236 408 Elsae.
1264 373 1316 408 Ad
1339 373 1436 418 quod
1464 374 1561 410 clare
1578 370 1613 418 (¹)
1634 374 1688 409 in-

512 434 746 481 telligendum
767 433 850 468 volo
870 436 905 469 te
923 433 1027 479 scire,
1048 433 1146 478 quod
1165 433 1257 468 sicut
1276 432 1399 468 scribit
1417 432 1552 468 Plinius
1568 434 1602 468 in
1622 444 1688 469 na-

512 495 619 529 turali
648 493 794 529 historia
823 493 915 529 libro
942 494 1108 540 septimo,
1128 496 1163 529 et
1182 493 1320 529 Seneca
1346 492 1437 528 libro
1464 494 1685 529 naturalium

510 554 767 601 quaestionum,
794 557 936 589 naturae
958 557 994 590 et
1015 553 1256 600 proprietates
1275 563 1459 598 aquarum
1479 556 1563 588 sunt
1583 554 1686 590 valde

510 615 622 651 variae
649 618 685 650 et
712 614 895 650 mirabiles
922 614 958 649 in
989 614 1140 650 diversis
1171 613 1334 659 partibus
1369 613 1516 659 mundi,
1548 614 1611 650 sed
1643 625 1689 650 ne

513 675 643 711 vadam
671 685 735 721 per
762 675 936 721 ambages
964 675 1071 721 longe
1090 684 1110 709 a
1134 673 1317 720 proposito
1336 673 1372 708 in
1390 673 1490 709 Italia
1511 674 1546 709 in
1566 674 1689 710 multis

511 735 598 771 locis
625 739 709 770 sunt
742 744 850 780 aquae
880 745 963 779 quae
998 737 1194 769 vertuntur
1229 733 1264 768 in
1298 733 1432 779 lapides
1464 734 1557 769 sicut
1591 745 1688 779 aqua

511 795 670 830 fluminis
697 794 813 839 Sarni,
843 804 926 839 quae
952 804 973 829 a
1001 793 1175 840 principio
1203 793 1258 829 sui
1285 797 1388 829 ortus
1416 794 1573 829 efficitur
1602 795 1688 840 lapis

511 856 728 891 durissimus
755 854 789 889 in
818 854 936 890 brevi:
967 854 1062 889 unde
1091 854 1216 889 incolae
1243 854 1310 889 loci
1342 854 1387 890 de
1421 854 1597 890 industria
1624 865 1690 901 po—

511 920 602 951 nunt
630 915 675 950 ibi
704 915 772 950 sub
799 925 896 960 aqua
925 914 1066 949 tabulas
1093 925 1179 949 cum
1208 914 1316 949 variis
1345 914 1469 950 formis
1496 918 1531 950 et
1551 915 1688 962 figuris,

510 986 621 1022 super
648 975 781 1021 quibus
810 974 901 1010 fiunt
928 975 1062 1020 lapides
1090 985 1175 1010 cum
1208 975 1343 1011 eisdem
1378 975 1688 1022 impressionibus.

510 1037 570 1071 Est
596 1039 721 1071 autem
751 1035 807 1070 hic
835 1035 968 1070 ssuvius
995 1035 1028 1069 in
1057 1034 1197 1080 Apulia,
1226 1038 1261 1070 et
1293 1045 1365 1070 non
1393 1038 1446 1070 est
1471 1036 1591 1070 Arnus
1617 1036 1689 1070 Tu-

512 1097 605 1142 sciae,
634 1096 727 1131 sicut
755 1095 903 1141 quidam
931 1095 1019 1130 false
1047 1095 1280 1141 scripserunt,
1305 1095 1397 1130 sicut
1416 1096 1606 1141 Horosius3
1626 1096 1688 1131 sed

511 1160 564 1192 est
587 1156 679 1191 alius
700 1155 832 1190 ssuvius
852 1155 885 1189 in
905 1154 1034 1190 Tuscia
1054 1154 1088 1189 in
1107 1165 1198 1201 agro
1218 1155 1409 1190 florentino
1434 1155 1581 1191 nomine
1597 1156 1688 1201 Elsa,

510 1218 616 1253 cuius
642 1227 739 1262 aqua
766 1226 787 1251 a
810 1215 983 1261 principio
1011 1215 1238 1251 convertitur
1264 1215 1299 1250 in
1321 1219 1475 1261 petram,
1498 1219 1534 1251 et
1556 1216 1689 1262 lapides

513 1278 659 1324 pulcros
688 1276 770 1311 facit
796 1275 1053 1311 accommodos
1072 1275 1240 1311 domibus
1255 1276 1361 1322 juxta
1381 1276 1570 1311 castellum
1592 1276 1688 1322 quod

511 1337 643 1373 dicitur
662 1337 771 1381 Colle,
788 1336 880 1371 sicut
897 1331 931 1380 (ᾖ)
955 1335 988 1370 in
1008 1346 1105 1381 aqua
1124 1335 1239 1371 Sarni.
1259 1336 1429 1372 Albertus
1451 1340 1577 1372 autem
1596 1337 1689 1372 libro

511 1396 739 1432 Mineralium
767 1396 851 1431 dicit
880 1395 1081 1430 mirabilius
1108 1395 1152 1431 de
1179 1406 1276 1441 aqua
1300 1396 1405 1431 fontis
1432 1396 1578 1442 Beotiai,
1607 1407 1690 1442 quae

511 1457 635 1492 omnia
662 1456 821 1491 immissa
850 1455 958 1491 vertit
976 1451 1011 1500 (³)
1041 1456 1075 1490 in
1107 1456 1281 1502 lapide1113
1309 1456 1406 1501 quod
1435 1461 1609 1503 expertus
1637 1461 1690 1493 est

512 1516 719 1552 Fridericus
739 1516 938 1562 imperator
960 1516 1105 1551 mittens
1123 1516 1371 1552 chirothecam
1392 1528 1497 1553 suam
1514 1511 1562 1562 (¹³),
1585 1517 1690 1553 cuius

513 1577 689 1612 medietas
718 1587 839 1611 mersa
875 1576 909 1610 in
945 1576 1041 1610 illam
1070 1586 1205 1621 aquam
1235 1586 1340 1612 versa
1368 1580 1420 1612 est
1454 1577 1489 1612 in
1521 1577 1688 1623 lapidem,

513 1636 654 1681 reliqua
682 1639 784 1681 parte
820 1635 938 1670 media
975 1638 1189 1670 remanente
1225 1635 1259 1669 in
1292 1636 1410 1681 prima
1439 1637 1593 1672 materia
1620 1640 1687 1672 etc.

511 1696 607 1742 Ergo
635 1696 728 1731 bene
747 1699 852 1741 poeta
872 1695 974 1729 dicit:
1000 1695 1064 1729 nisi
1089 1699 1150 1730 tua
1171 1695 1310 1731 vanitas
1330 1696 1455 1731 fuisset
1474 1697 1553 1732 talis
1573 1697 1688 1742 qualis

510 1767 607 1802 aqua
635 1756 734 1790 Elsae.
759 1755 849 1790 Dicit
872 1766 980 1801 ergo:
1003 1766 1020 1788 e
1035 1756 1058 1789 ’l
1076 1757 1196 1800 piacer
1218 1757 1310 1799 loro,
1333 1756 1421 1792 idest
1443 1757 1508 1791 nisi
1530 1757 1689 1793 delecta—

513 1816 560 1851 tio
592 1826 767 1851 curarum
800 1826 979 1850 vanarum
1019 1815 1153 1860 fuisset,
1187 1826 1232 1850 zm
1269 1818 1427 1861 Ρῖναηιο,
1460 1817 1560 1863 idest,
1593 1818 1686 1854 alter

511 1876 703 1922 Pyramus,
736 1876 808 1910 alla
845 1877 954 1919 yelsa,
991 1876 1091 1921 idest,
1136 1876 1181 1911 ad
1226 1877 1398 1913 arborem
1436 1878 1542 1923 mori,
1582 1878 1686 1914 cuius

512 1946 619 1982 poma
647 1936 728 1970 alba
756 1936 934 1971 convertit
963 1936 998 1970 in
1027 1936 1140 1972 rubea
1173 1936 1319 1981 quando
1351 1947 1389 1972 se
1421 1937 1550 1974 occidit
1576 1948 1689 1973 manu

512 1996 658 2042 propria
694 2006 822 2031 amore
849 1996 995 2042 Tysbes,
1033 1996 1126 2031 sicut
1160 1996 1264 2042 plene
1291 1997 1465 2043 scriptum
1495 2001 1549 2033 est
1575 2008 1685 2044 supra

513 2056 671 2102 capitulo
691 2056 828 2091 XXVII.
859 2057 901 2091 Et
928 2060 981 2092 est
1008 2056 1143 2102 optima
1167 2056 1382 2102 similitudo3
1403 2068 1485 2092 nam
1510 2058 1689 2104 Pyramus

513 2115 721 2151 obcaecatus
750 2116 861 2151 nimio
889 2127 1016 2152 amore
1043 2116 1167 2163 Tysbis
1201 2116 1376 2152 interfecit
1403 2128 1460 2162 se3
1489 2121 1524 2153 ot
1556 2118 1688 2153 Dantes

512 2178 702 2211 amoratus
738 2176 982 2221 pulcritudine
1018 2188 1208 2213 musarum
1245 2177 1289 2212 ad
1327 2181 1471 2223 tempus
1507 2178 1687 2214 occiderat

576 2269 602 2297 (¹)
622 2268 648 2290 E.
666 2274 733 2290 sane.
1082 2269 1109 2299 (²)
1127 2270 1155 2293 E.
1174 2270 1239 2293 sicut
1256 2273 1282 2293 et
1299 2277 1371 2300 aqua.

576 2306 599 2335 (U
620 2308 671 2328 117.
691 2307 824 2329 convertit.
1083 2308 1107 2336 ρ’)
1127 2308 1155 2330 Ε.
1174 2314 1245 2331 suam
1265 2308 1288 2331 in
1307 2316 1346 2337 co,
1365 2309 1445 2332 cuius.
